2498 3401
172 246 188 278 1
201 228 315 293 Cap.
331 222 423 287 erste
436 220 639 284 fficium.
909 208 1211 278 besebrieben
1226 215 1331 263 von
1345 208 1386 255 S.
1398 207 1680 282 Rembertq.
2190 221 2213 255 ἶ
2230 224 2245 260 1
2261 227 2285 276 5

103 341 216 389 mini
241 340 293 399 Ι)
316 335 520 398 Episcopi
545 338 726 381 mentes
753 329 1030 379 cumilorum
1057 326 1386 393 perturbabat,
1412 322 1461 372 &
1479 340 1612 389 error
1633 327 1798 375 nimius
1813 343 1868 376 ac
1879 329 2171 392 perturbatio
2185 342 2291 377 cor·

105 397 164 456 da
185 405 395 452 omnium
421 404 473 462 2)
508 401 798 451 confuderat.
870 398 992 446 Nam
1007 394 1321 460 &Templum
1343 395 1389 442 in
1409 393 1599 440 honore
1615 394 1852 457 supradifiti
1867 396 2005 462 Regis
2018 398 2198 446 dudum
2212 398 2293 446 de.

103 470 248 522 funt-Iti
263 471 540 529 statuerunt,
556 467 688 532 &ipfi
708 481 928 532 tauquam
953 467 1055 514 Deo
1077 471 1189 514 vota
1211 463 1260 513 &
1286 460 1496 512 sacrificia
1519 458 1663 509 offere
1682 475 1945 525 coeperunt.
2013 466 2292 516 Adveniens
2368 475 2372 481 ’

102 531 378 603 itaqueilluc
395 537 625 584 Dominus
654 538 703 597 3)
725 535 973 598 Episcopus
998 533 1053 581 ab
1078 532 1237 581 amicis
1261 532 1349 581 suis
1371 524 1898 595 quondamibico'gnitis
1911 546 2115 594 quaerere
2127 535 2293 598 coepit,

105 607 348 672 quomodo
365 605 545 668 Regem
562 603 690 667 super
704 606 790 651 hac
812 619 860 650 re
881 599 1214 665 interpellaret.
1283 599 1380 665 Qi
1393 611 1569 644 omnes
1592 603 1699 642 toto
1719 595 1878 644 annisu
1902 602 2292 656 contradicentes,

104 673 356 722 afferebant
370 673 479 720 nihil
494 673 691 720 omnino
706 687 756 718 ea
775 671 875 718 vice
889 669 1196 733 Legationern
1210 665 1307 732 ejus
1324 664 1553 730 proficere
1566 662 1716 728 posse,
1741 663 1817 710 sed
1840 662 1867 710 fi
1881 662 2050 727 aliquid
2072 670 2127 728 4)
2149 670 2293 717 habe.

105 732 177 790 ret
190 741 348 805 pretii,
369 755 421 789 ea
435 738 753 787 rationeillum
768 740 875 787 dare
898 740 1095 791 debere,
1120 747 1172 783 ut
1186 734 1436 786 viv-usinde
1450 732 1685 780 evaderet.
1752 730 2037 796 Qbusille.
2106 736 2296 784 Nonin.

106 811 220 873 quit,
235 822 322 871 pro
338 809 442 855 vitae
458 822 571 854 meae
587 806 913 871 redemptione
926 804 1092 868 aliquid
1103 800 1509 869 hicdaturussum,
1522 800 1626 864 quia
1639 798 1666 846 fi
1682 799 1911 847 Dominus
1930 813 2062 847 meus
2075 799 2137 848 ita
2148 803 2294 867 dispo·

107 877 240 924 suerit
252 908 264 931 ,
291 891 374 939 pro
386 872 482 937 ejus
498 875 689 922 nomine
705 886 888 936 paratus
903 869 997 921 sum
1013 871 1090 921 hic
1102 870 1149 920 διε
1164 877 1400 922 tormenta
1413 868 1563 916 subire
1577 865 1624 915 ὅτ.
1639 879 1842 915 mortem
1856 866 1967 930 pati.
2035 865 2160 916 Cum
2183 885 2296 934 ergo

107 959 191 1008 pro
204 945 289 990 hac
302 957 351 990 re
365 944 411 990 in
428 943 626 990 maxima
640 940 938 1005 effetpofitus
961 940 1217 998 anxietate3
1239 940 1430 989 tandem
1452 946 1649 1000 accepto
1669 934 1858 982 consilio
1881 934 2060 998 Regem
2083 936 2142 982 ad
2165 936 2297 987 suum

107 1011 325 1059 invitavit
342 1010 605 1073 hospitium.
680 1009 771 1056 Cui
785 1008 1045 1056 convivum
1060 1007 1299 1064 exhibens,
1319 1007 1469 1058 dona,
1497 1018 1598 1069 quae
1612 1002 1790 1067 potuit,
1810 1001 1996 1060 obtulit,
2019 1001 2067 1050 &
2081 1001 2300 1068 Legatio-

107 1078 177 1125 nis
197 1079 281 1123 suae
304 1079 519 1124 mandata
540 1074 707 1123 retulit.
776 1076 901 1122 Nam
926 1074 971 1123 ὅ(
986 1087 1122 1123 antea
1137 1090 1219 1139 per
1232 1074 1414 1124 missum
1428 1074 1573 1125 Orici»
1612 1072 1663 1132 5)
1698 1069 1840 1135 &pet
1854 1068 2013 1118 fideles
2027 1071 2221 1120 Domini
2245 1074 2301 1134 6)

114 1143 345 1206 Episcopi,
368 1144 518 1206 quiibi
534 1144 810 1197 manebant,
833 1142 963 1189 causa
986 1144 1221 1190 adventus
1241 1142 1374 1205 ipsius
1400 1141 1556 1188 eidem
1571 1138 1689 1202 Regi
1702 1138 1979 1186 denunciata
1992 1138 2159 1186 fuerat.
2211 1140 2302 1188 De-

108 1208 299 1257 leelatus
314 1210 467 1273 itaque
481 1209 527 1256 ὅ(
541 1210 761 1256 charitate
775 1207 872 1271 ejus
886 1210 940 1269 7)
974 1207 1326 1264 benevolentia,
1343 1206 1392 1256 ὅ(
1405 1221 1659 1254 munerum
1681 1206 1884 1261 datione,
1907 1204 1948 1252 se
1960 1206 2152 1271 quidem
2165 1237 2181 1262 ‚
2203 1222 2304 1272 quae

108 1275 181 1325 ille
194 1276 495 1339 suggesserat,
517 1284 752 1340 gratanter
773 1276 893 1325 velle
911 1274 1162 1339 respondit.
1235 1276 1392 1323 Antea
1412 1286 1572 1322 tamen
1585 1274 1689 1329 hic,
1715 1273 1889 1338 inquit,
1912 1273 2101 1322 fuerunt
2113 1275 2303 1334 Clerici,

110 1345 187 1408 qui
202 1344 412 1407 populari
433 1345 790 1399 hincseditione,
814 1359 910 1391 non
925 1341 1232 1406 Regiojuffu‚
1252 1339 1385 1406 ejeC'ti
1406 1342 1522 1390 sunt.
1591 1341 1893 1406 Qapropter
1927 1346 1980 1401 8)
2016 1341 2138 1392 hanc
2159 1343 2308 1407 Lega-

112 1412 289 1458 tionem
305 1411 500 1460 vestram
515 1411 796 1459 confirmare
816 1426 904 1460 nec
926 1408 1108 1476 possum
1132 1426 1222 1459 nec
1242 1411 1422 1462 audeo,
1454 1409 1725 1474 priusquam
1752 1407 1946 1456 sortibus
1977 1409 2100 1458 Deos
2122 1410 2308 1459 nostros
2349 1471 2351 1473 ι

113 1478 349 1527 consulam
363 1510 377 1533 ‚
399 1478 446 1527 ὅ(
460 1479 618 1544 populi
633 1492 823 1544 quoque
838 1478 967 1544 super
980 1479 1074 1526 hoc
1085 1478 1380 1527 voluntatem
1393 1479 1682 1540 interrogem
1696 1475 1746 1523 sit
1765 1475 1919 1524 missus
1941 1487 2047 1525 tuus
2067 1478 2112 1526 in
2137 1477 2308 1542 placito

113 1561 301 1594 mecum
319 1548 534 1610 proximo
545 1580 558 1603 ,
587 1546 634 1594 ὃ(
648 1562 736 1611 ego
748 1561 833 1612 pro
847 1546 1070 1610 teloquar
1083 1545 1263 1611 populo
1277 1556 1291 1605 ς
1309 1543 1356 1593 ὅ(
1369 1544 1396 1592 si
1410 1545 1601 1609 quidem
1619 1544 1711 1591 Diis
1726 1543 1983 1591 fautoribus
2007 1544 2066 1592 illi
2090 1553 2182 1593 tuae
2195 1561 2308 1595 con·

39 1616 41 1619 ’
117 1612 333 1662 senserint
347 1615 575 1663 voluntati
594 1645 606 1668 ‚
643 1617 768 1679 quod
792 1613 977 1679 quaefisti
1000 1612 1375 1678 prosperabitur,
1396 1611 1459 1659 sin
1481 1624 1638 1660 autem
1660 1612 1839 1668 minuS,
1860 1609 1908 1658 ὅ(
1931 1612 2025 1660 hoc
2046 1614 2312 1662 tibinotum

116 1680 292 1729 faciam.
327 1684 357 1717 ³⁸<
388 1683 459 1731 Sic
471 1684 640 1747 quippe
653 1683 773 1746 apud
788 1697 868 1729 eos
884 1682 1024 1730 moris
1038 1680 1127 1734 est,
1156 1693 1210 1729 ut
1230 1682 1549 1746 quodcunque
1571 1680 1816 1743 negotium
1842 1677 2079 1742 publicum
2104 1683 2248 1746 magis
2264 1683 2311 1731 in

118 1748 277 1812 populi
302 1751 517 1797 unanima
549 1750 816 1811 voluntate,
850 1765 990 1812 quam
1012 1749 1056 1794 in
1073 1747 1218 1811 Regia
1240 1748 1453 1796 confistat
1475 1746 1714 1810 potestate.
1785 1747 1892 1793 Hoc
1917 1761 2031 1809 ergo
2054 1748 2212 1796 Pastor
2231 1766 2315 1797 no·

97 1869 103 1878 ,
120 1814 209 1862 ster
221 1814 540 1864 devotiffimus
553 1817 771 1878 responso
789 1817 926 1877 Regis
940 1822 1163 1877 accepte,
1185 1826 1341 1860 totum
1357 1814 1399 1859 se
1413 1814 1470 1859 ad
1489 1814 1675 1860 Domini
1690 1813 1926 1859 convertit
1942 1814 2190 1877 Refugium
2203 1847 2219 1870 ‚
2241 1818 2313 1880 Je-

114 1886 168 1952 ju
176 1883 256 1929 niis
269 1882 314 1929 ὅ(
328 1884 611 1930 orationibus
624 1898 806 1940 vacanS,
820 1892 962 1947 atque
981 1881 1027 1929 in
1049 1881 1333 1930 contritione
1348 1879 1395 1929 &
1407 1877 1654 1927 afflietione
1667 1878 1818 1927 cordis
1832 1879 2125 1946 semetipsum
2139 1882 2185 1932 in
2199 1899 2314 1934 con·

123 1947 278 2012 spefi’m
295 1950 378 1996 Dei
400 1950 659 1996 humilians.

293 2035 415 2078 CAP.
437 2039 583 2077 XXIV.
623 2031 800 2079 Verum
825 2029 920 2094 ipso
942 2030 1062 2078 inter
1084 2031 1163 2078 has
1175 2029 1482 2094 pressurarum
1506 2028 1732 2093 angustias
1754 2029 1905 2095 posito
1920 2043 2029 2080 cum
2050 2031 2145 2081 dies
2160 2032 2316 2098 placiti

124 2101 522 2163 appropinquaret
538 2133 551 2156 ,
576 2100 773 2164 quadam
788 2098 1121 2145 dieintersacra
1136 2096 1368 2146 missarum
1381 2096 1628 2153 solemnia,
1650 2098 1765 2145 dum
1789 2098 1995 2145 sacerdos
2016 2098 2143 2149 altari
2167 2101 2317 2153 astans

125 2165 338 2231 mysteria
360 2165 503 2214 lanista
527 2168 845 2223 benediceret,
869 2165 927 2213 illi
949 2165 995 2212 in
1019 2177 1189 2214 terram
1226 2167 1280 2228 9)
1317 2164 1574 2231 prostrato,
1601 2163 1798 2214 coelestis
1820 2162 1958 2214 effusa
1981 2164 2045 2214 est
2067 2168 2315 2233 inspiratio.

125 2234 167 2281 Si
182 2235 368 2298 quidem
383 2236 574 2300 Spiritus
587 2233 737 2282 Sancti
753 2235 885 2281 dono
898 2233 1089 2281 interius
1103 2234 1369 2290 roboratuS,
1391 2232 1439 2282 &
1453 2231 1621 2282 fiducia
1633 2234 1834 2281 maxima
1846 2234 1895 2281 in
1908 2233 2067 2282 animo
2081 2237 2317 2287 conforta.

128 2314 224 2354 tus,
251 2304 643 2366 cognovitomnia
658 2301 1034 2367 sibiproventura
1049 2302 1113 2349 uti
1137 2301 1293 2352 vellet.
1362 2302 1503 2350 [Inde
1521 2302 1673 2349 eidem
1695 2301 1916 2350 sacerdoti
1938 2302 2014 2350 fibi
2034 2303 2079 2351 in
2101 2306 2320 2355 omnibus

129 2368 386 2418 familiariffi
392 2386 469 2418 mo
483 2370 582 2434 post
597 2369 770 2418 misiam
784 2370 1104 2423 denunciavit,
1128 2369 1237 2418 nihil
1252 2369 1574 2435 trepidationis
1587 2369 1629 2418 se
1641 2369 1815 2418 habere
1828 2369 2003 2418 debere
2023 2372 2144 2434 ,quia
2166 2373 2323 2423 secum

132 2439 276 2500 gratia
292 2439 376 2486 Dei
401 2439 717 2487 comitaretur.
788 2439 879 2487 Cui
899 2438 1207 2502 interroganti
1230 2438 1479 2503 quomodo
1506 2439 1600 2485 hoc
1621 2435 1781 2495 sciret,
1799 2438 2020 2487 divinitus
2040 2438 2115 2486 fibi
2137 2439 2325 2506 inspira·

102 2561 109 2568 .
134 2516 235 2552 turn
258 2506 506 2570 respondit.
574 2507 730 2571 Qam
744 2507 913 2554 mentis
927 2502 1024 2568 ejus
1038 2505 1390 2556 illustrationem
1405 2506 1546 2553 frater
1566 2503 1637 2554 ille
1661 2505 1759 2553 satis
1778 2506 2090 2570 recognovit,
2112 2509 2218 2571 quia
2231 2509 2328 2559 tali·

135 2579 205 2621 ter
229 2590 337 2621 eum
358 2574 580 2622 divinitus
602 2573 826 2622 consolari
853 2573 1009 2622 multis
1031 2586 1141 2622 ante
1163 2574 1385 2639 probavit
1407 2572 1597 2621 indiciis.
1668 2572 1804 2622 Hanc
1817 2588 1931 2638 ergo
1944 2574 2085 2622 animi
2098 2573 2194 2641 ejus
2210 2575 2327 2626 fidu-

139 2641 254 2688 ciam
269 2641 414 2690 statim
431 2642 495 2688 rei
511 2639 805 2689 confirmavit
817 2653 1031 2690 eventus.
1099 2642 1224 2689 Nam
1239 2643 1338 2689 Rex
1361 2640 1654 2706 congregatis
1667 2641 1821 2704 primo
1835 2641 2120 2704 Principibus
2135 2644 2216 2693 [υἷε
2228 2674 2244 2700 ‚
2266 2646 2327 2695 de

139 2707 224 2757 hac
236 2709 378 2759 Patris
398 2708 537 2760 nostri
553 2709 811 2775 Legatione
832 2725 941 2759 cum
958 2710 1021 2759 eis
1035 2707 1230 2759 tra&are
1250 2710 1411 2774 coepit,
1433 2709 1512 2774 qui
1525 2709 1721 2758 sortibus
1736 2709 2039 2774 quaerendum
2052 2709 2325 2768 statuerunt,

1380 2774 1433 2840 ᾧ
1466 2793 1497 2827 2
2223 2795 2326 2845 quae

771 2877 985 2923 Lefflones
999 2877 1220 2924 variantes
1240 2894 1295 2925 ex
1307 2877 1421 2925 Astis
1433 2878 1697 2926 SanHorum.

199 2944 236 2997 ι)
262 2944 418 2986 Domui.
530 2942 574 2996 2)
608 2955 735 2983 eorum
861 2944 903 2996 3)
936 2948 1109 2985 Domnus
1237 2946 1292 2998 4)
1321 2944 1410 2998 quid
1530 2945 1573 2998 ς)
1599 2942 1722 2986 Horici
1843 2941 1890 2998 6)
1925 2943 2063 2984 Domni
2148 2942 2196 2998 7)
2218 2942 2325 3000 ipsius

308 3002 351 3049 8)
384 3004 503 3052 &ego
633 3000 682 3053 9)
709 3010 815 3043 terra.

838 3071 980 3118 LeElio
1001 3072 1175 3117 varians
1197 3073 1223 3119 ἆ
1235 3072 1455 3122 lambecio
1474 3084 1635 3127 nomm.

210 3137 231 3162 ³*
261 3138 381 3176 Locus
393 3136 575 3191 singularis
589 3136 633 3177 de
651 3136 825 3192 potestate
844 3140 987 3193 Regum
998 3136 1149 3185 Svediae.
