2498 3401
180 210 330 273 1Cap.
354 202 911 269 &samin-ersteuQeisage.
1116 222 1119 225 r
1162 201 1343 251 devita
1365 201 1671 250 8 Anfcharii.
2175 223 2269 271 263
2295 256 2298 257 ⁷

107 328 223 373 Item
246 339 344 386 cap.
365 336 438 382 30.
468 318 599 377 Testes
619 320 718 375 sunt
733 319 920 377 fratres,
939 314 989 360 65
1008 316 1126 378 apud
1144 321 1247 362 VOS
1277 319 1302 380 [
1315 319 1408 365 hoc
1428 317 1508 372 est,
1532 322 1995 386 utegointerpretor,
2031 328 2074 372 in
2090 327 2287 377 Corbe-'

100 389 148 455 ja
172 392 334 445 veteri,
368 386 418 431 εἴ
438 390 483 431 in
502 402 615 431 nova
634 386 807 445 Corbeja
826 386 1045 447 degentes.
1114 382 1227 432 Haec
1245 386 1372 433 enim
1385 387 1525 435 verba
1537 383 1785 436 Remberti
1799 390 2120 458 Paraphrastes
2136 393 2276 445 Gual„

105 461 167 506 do
190 459 251 506 ita
276 454 509 506 reddidit:
1531 484 1539 491 ,,

521 519 678 567 Multis
700 519 914 567 Corbeiae
941 517 1220 575 VETERIS,
1256 517 1486 582 plerisque
1511 518 1851 576 NOVELLAE.

499 598 506 607 ·
535 587 730 641 Notuit,
769 587 836 634 his
862 587 981 634 libris
1004 585 1179 649 aliquid
1196 586 1407 633 conferre
1423 586 1612 648 rogaris,

105 656 287 722 Qibus
312 655 580 703 testimoniis
598 669 656 701 ex
679 655 766 717 ipsa
788 655 876 702 hac
898 655 1005 701 Vita
1027 653 1245 711 desumtis
1263 684 1277 708 ,
1313 667 1421 699 cum
1445 653 1556 699 nibil
1589 653 1780 715 reperiri
1812 657 1981 706 certius
2004 659 2052 709 <Sc
2080 665 2276 714 manife..

86 721 209 772 ‘stius
236 721 390 787 possit,
424 719 929 786 superfluumkcensem
963 721 1093 785 plura
1115 720 1172 767 ad
1195 720 1316 767 hanc
1336 734 1436 767 rem
1469 719 1845 771 confirmandam
1867 726 2148 786 inm-edium
2172 748 2279 796 pro·

98 790 232 843 ferre.
1611 822 1615 826 .
1951 819 1953 822 ⁴

272 859 508 905 Recolendis
532 856 732 902 Patribus
755 854 804 902 εἴ
814 854 1054 919 fratribus]
1093 859 1250 900 Patres
1270 865 1501 903 vocantur
1522 856 1746 905 monachi
1771 858 1829 905 ad
1848 858 2181 911 sacerdotalem
2202 881 2276 914 or.

104 924 264 973 dinem
281 923 378 986 jam
406 926 643 989 promoti:
670 926 868 984 fratres,
906 923 982 986 qui
1008 937 1115 970 eum
1140 923 1338 986 gradum
1353 921 1426 971 vel
1450 923 1908 975 consecutinondum
1931 927 2060 984 sunt,
2081 930 2153 980 vel
2168 948 2278 983 con-

103 992 228 1057 sequi
251 995 312 1039 ob
337 994 647 1056 ignorantiam
676 991 914 1039 literarum
941 1006 1036 1037 non
1062 989 1280 1052 possunt:
1316 986 1668 1051 &DenssQrtibetu

271 1063 371 1105 Filii
388 1073 520 1121 atque
541 1059 747 1119 Discipuli
769 1057 1109 1118 Reverendtffimi
1119 1056 1378 1117 Auscharii]
1415 1057 1662 1103 Rembertus
1683 1057 1853 1108 scilicet
1877 1059 1926 1109 ὅ(
1947 1064 2062 1110 alter
2082 1064 2146 1111 illi
2165 1073 2274 1116 Ano-

102 1141 261 1184 nymus,
295 1129 373 1189 qui
388 1141 494 1174 eum
518 1128 563 1174 in
578 1125 684 1172 Vita
699 1126 783 1172 hac
802 1125 1037 1172 scribenda
1051 1121 1242 1185 adjuvit.
1312 1124 1456 1187 Qod
1481 1125 1596 1173 solus
1618 1129 1744 1175 enim
1757 1127 2044 1179 Rembertus
2058 1147 2161 1181 eam
2178 1151 2278 1184 non

100 1192 436 1256 conscripserit,
471 1190 679 1255 expresse
704 1190 898 1242 testatur.
918 1194 1203 1253 Anonymus
1217 1187 1454 1237 Auctorin
1471 1191 1565 1238 vita
1578 1188 1674 1252 ejus
1690 1210 1787 1257 cap⁴
1803 1212 1847 1256 9.
1917 1199 1941 1216 ”
1958 1199 2194 1263 Qamdiu
2209 1218 2278 1250 er.

99 1259 125 1276 '’
135 1273 215 1320 go,
237 1259 401 1322 inquit,
422 1258 511 1306 fuit
523 1262 568 1307 in
579 1272 783 1321 corpore
800 1258 885 1304 Vir
899 1257 1091 1304 Domini
1107 1256 1402 1313 AnschariuS‚
1420 1257 1498 1305 iste
1514 1258 1668 1308 servus
1683 1262 1764 1308 Dei
1778 1261 2046 1312 Rimbertus
2060 1282 2149 1331 prae
2163 1284 2278 1318 cun-

97 1323 216 1372 ”ffis
230 1326 491 1374 familiarius
514 1326 573 1373 illi
600 1329 643 1372 in
666 1326 883 1372 omnibus
908 1323 1058 1370 adesse
1077 1322 1266 1375 solebat,
1289 1324 1456 1387 dequo
1479 1323 1902 1389 aliquotienspnobis
1925 1331 2076 1381 inhoc
2088 1336 2279 1399 opuscu-

99 1393 124 1411 ''
137 1392 180 1440 lo
192 1394 371 1440 mentio
384 1394 558 1450 incidit,
578 1391 624 1440 ὅ(
640 1391 819 1440 libellus
829 1391 1068 1455 gestorum
1083 1392 1256 1454 praefati
1278 1390 1514 1440 Pontificis
1529 1394 1586 1439 ab
1599 1394 1693 1456 ipso
1708 1396 1953 1446 Rimberto
1964 1400 2145 1464 alioque
2159 1417 2278 1451 cont

99 1460 354 1525 ''discipulo
371 1457 468 1523 ejus
490 1462 638 1508 editus
663 1458 905 1507 testatur·''
973 1459 1029 1506 Et
1051 1457 1224 1506 ibidem
1248 1457 1388 1522 paulo
1419 1458 1549 1522 post:
1580 1462 1604 1479 ’'
1625 1462 1714 1509 Sed
1739 1465 1858 1528 quia,
1881 1467 2156 1524 utdiximus,
2186 1471 2277 1534 ipse

97 1528 239 1574 ”cum
261 1528 350 1576 alio
378 1530 583 1592 quodam
605 1528 761 1576 editor
780 1526 1043 1574 eorundem
1066 1526 1219 1573 extitit
1233 1525 1487 1589 gestorum,
1510 1527 1680 1577 idcirco
1693 1532 1942 1582 veritatem
1966 1535 2029 1582 rei
2045 1535 2273 1601 suppresso

102 1595 127 1614 '’
143 1598 337 1643 nomine
359 1597 439 1643 suo
459 1596 722 1662 exprimere
744 1596 911 1643 voluit.
923 1596 949 1614 '²
1017 1593 1132 1660 Qo
1165 1594 1305 1642 etiam
1328 1594 1524 1659 respexit
1549 1593 1866 1664 Paraphrastes
1888 1600 2077 1652 Gualdo
2107 1604 2276 1655 ultimo

100 1660 334 1711 Poematis
347 1664 527 1728 eapite,
552 1665 620 1710 his
641 1662 865 1711 versibus:

517 1731 637 1778 Eece
658 1728 923 1793 procellosis
945 1727 1026 1775 tibi
1053 1724 1222 1775 Sanete
1245 1729 1532 1776 cucurrimus
1553 1731 1708 1790 undis,

514 1797 581 1843 Sit
593 1795 890 1847 rimosalicet,
904 1791 1002 1856 jam
1027 1795 1220 1840 tandem
1246 1794 1399 1841 littora
1422 1799 1590 1859 puppis

516 1863 684 1926 Attigit
704 1861 750 1910 ὃς
773 1862 1009 1910 madidum
1040 1858 1228 1923 collegit
1246 1862 1399 1908 navita
1429 1862 1604 1912 velum.

517 1929 750 1977 Plufflbus
772 1930 817 1977 in
839 1928 1002 1976 mediis
1031 1939 1077 1974 te
1107 1927 1218 1991 saepe
1235 1929 1510 1979 vocavimus
1536 1930 1720 1981 AMBO
1800 1948 1807 1956 ·

518 1996 737 2045 Anschari
767 1996 838 2043 fer
860 2011 1006 2059 opem
1041 1993 1134 2045 διο.
1432 2016 1436 2018 “

265 2077 357 2122 Diu
377 2090 449 2140 per
464 2073 580 2139 δια]
618 2077 671 2125 ln
685 2077 951 2125 Coloniensi
965 2077 1169 2124 editione
1182 2064 1270 2138 pro
1288 2079 1363 2125 diu
1383 2095 1626 2145 perperam
1653 2080 1895 2146 legebatur
1917 2086 2010 2149 qus‘.

266 2146 410 2203 Vestrae
429 2161 594 2206 quoque
613 2146 880 2190 Paternitati
903 2126 1023 2206 δια]
1059 2136 1308 2213 οἱποςξοφῆ
1328 2148 1385 2194 ad
1409 2149 1669 2197 monachos
1683 2149 1900 2215 Corbejae
1915 2153 2102 2208 veteris,
2114 2169 2173 2205 ex
2182 2170 2273 2220 qua

98 2213 141 2264 S.
155 2211 423 2260 Anscharius
437 2213 870 2261 adhueadolescnns
884 2212 930 2259 in
946 2227 1122 2260 novam
1142 2209 1392 2277 Corbejam
1407 2247 1421 2271 ,
1444 2217 1503 2264 ab
1527 2217 1693 2282 Imper.
1710 2216 1954 2270 Ludovico
1968 2221 2050 2269 Pio
2075 2222 2119 2270 in
2134 2224 2273 2273 Saxo-

98 2280 172 2328 nia
193 2281 249 2326 ad
272 2279 510 2341 Visurgim
525 2278 824 2341 exstruam,
847 2279 936 2327 fuit
954 2277 1188 2328 dedUEtus.
1263 2279 1470 2346 Respicit
1488 2295 1646 2333 autem
1669 2288 1725 2333 ad
1739 2287 1869 2336 hunc
1881 2288 2004 2336 Vitae
2018 2290 2059 2340 S.
2075 2290 2276 2340 Anscha-

98 2348 151 2394 rii
177 2340 339 2393 lod'um
362 2348 568 2394 Adamus
588 2347 844 2396 Bremenfis
869 2346 945 2394 lib.
967 2363 1004 2394 1.
1030 2360 1222 2411 cap-31.
1241 2350 1321 2396 ubi
1339 2350 1428 2397 ait:
1494 2352 1520 2369 '’
1554 2350 1799 2409 Huncjlle
1830 2354 1996 2406 librum
2029 2357 2086 2404 ad
2108 2358 2274 2407 fratres

98 2415 124 2434 ’³
139 2413 362 2462 Coenobii
385 2414 553 2461 direxit
575 2416 745 2463 veteris
759 2411 979 2477 Corbejae
1010 2417 1095 2477 [ita
1115 2414 1241 2464 enim
1265 2417 1592 2481 ibilegendum
1606 2418 1694 2482 est]
1728 2409 2120 2496 beatificansillos't,
2147 2427 2276 2490 quod

95 2481 121 2539 ζ’
136 2482 274 2530 talem
296 2478 515 2534 miserint,
540 2479 588 2528 ὅ(
609 2481 750 2530 talem
776 2484 1106 2546 congratulans
1121 2513 1136 2537 ,
1159 2485 1288 2548 quod
1301 2484 1438 2533 talem
1462 2484 1683 2550 suscipere
1694 2491 1948 2539 meruimus
1972 2490 2251 2555 pastorem.”

277 2553 463 2609 Cumque
482 2549 600 2610 apud
613 2565 692 2595 vos
711 2549 982 2613 tonsuratus]
1015 2553 1144 2613 Apud
1159 2568 1255 2607 vos,
1280 2554 1325 2601 id
1339 2552 1428 2606 est,
1447 2557 1497 2600 in
1509 2553 1790 2604 monasterio
1802 2556 2018 2622 Corbejae
2043 2561 2213 2609 veteris
2226 2561 2276 2609 in

95 2614 260 2734 glani&
368 2617 626 2678 Tonsurae,
669 2631 765 2666 vox
786 2617 1118 2678 semibarbara,
1155 2635 1242 2687 pro
1263 2622 1438 2670 tondere
1463 2618 1516 2671 ὅ(
1546 2624 1772 2688 tonsttare,
1805 2626 1933 2689 quod
1954 2626 2124 2691 legitur
2150 2629 2277 2694 apud

149 2696 327 2734 autum.
947 2694 956 2703 ’
1288 2703 1292 2706 ’

266 2750 352 2798 Sed
364 2762 507 2797 tamen
518 2751 780 2813 superficiem
800 2767 1038 2808 cernerem,
1077 2755 1210 2818 ipsum
1233 2770 1380 2804 tamen
1395 2758 1540 2818 Jesum
1560 2759 1809 2818 credebam,
1835 2761 1888 2807 de
1903 2777 1981 2823 qvo
2003 2760 2118 2824 ὅτε]
2153 2762 2276 2811 Scri-

99 2819 496 2935 gegdumdcenseo
510 2822 576 2936 2&
585 2820 676 2867 Sed
691 2834 799 2868 cum
814 2831 998 2871 tantum
1018 2821 1308 2889 superficiem
1322 2839 1588 2883 cernerem,
1611 2828 1771 2892 ipsum‘
1782 2839 1939 2879 tamen
1950 2830 2059 2880 inibi
2073 2828 2160 2879 effe
2173 2844 2273 2889 cre-¹

133 2900 154 2935 e
189 2901 280 2938 am,
346 2902 372 2934 e
392 2901 487 2949 quo
579 2901 620 2938 c·
649 2889 675 2907 ’³
2176 2913 2188 2925 ·

57 2961 61 2966 ·
266 2954 488 3000 fulbertus
514 2954 704 3015 nomine]
742 2955 788 3003 in
801 2953 1062 3006 Gualdonis
1079 2959 1339 3025 paraphrasi
1353 2960 1525 3027 legitur
1536 2962 1797 3011 Philbertuss

255 3022 453 3084 Coeptum
472 3025 625 3091 itaque
647 3024 704 3086 est
726 3023 865 3087 olim]
894 3038 1068 3090 nempe
1087 3028 1313 3151 annoni&
1325 3029 1383 3092 C,
1403 3038 1515 3087 822·
1539 3029 1655 3081 teste
1680 3031 1937 3081 Lamberto
1958 3027 2281 3079 Schaffnabur·

1332 3108 1350 3150 c
1379 3112 1409 3148 2
2137 3097 2278 3163 gensi·
