2498 3401
102 233 129 306 'i
144 256 273 320 Cap,
283 251 419 337 meite
431 250 633 317 ἓόείῐαςςε.

184 450 262 501 15

116 1461 121 1462 ⁷
171 1442 255 1490 *10-

835 248 1135 315 besdm‘ebm
1163 261 1269 307 von
1303 251 1570 308 Gualdone.

313 367 614 418 Christicolas
636 368 728 417 illic
741 366 908 430 positos
930 367 1135 429 gaudere
1155 367 1358 422 videres.

309 436 519 485 Gentiles
532 436 715 483 haurire
729 435 815 482 Dei
827 435 884 481 de
897 433 1030 481 fonte
1054 432 1257 498 liquores
1272 445 1286 492 ς

313 504 538 553 Crescere
551 505 827 550 credentum
850 501 930 566 per
944 507 1064 564 quot
1076 509 1316 549 momenta
1328 501 1527 558 dierum,

309 573 515 635 Agmen,
538 568 585 618 ὅ(
596 569 784 634 AEgypti
799 582 958 617 currus
971 569 1017 615 in
1029 569 1213 633 gurgite
1226 570 1388 633 mergi,

311 637 440 689 Israel
461 636 707 687 dulcisonis
726 635 956 687 modulari
979 637 1179 684 carmina
1193 634 1385 700 psalmis.

768 739 813 788 C
825 755 854 787 A
866 755 905 786 Ρ.
943 731 1175 786 XXXIV.

489 821 655 867 Multos
674 820 838 866 erudiit
854 833 1006 882 pueros
1019 851 1034 874 ‚
1056 834 1163 880 quos
1175 817 1257 880 ipse
1287 814 1481 863 redemit.

310 892 586 943 Anicharius
599 909 715 944 vero
726 890 803 957 jus
815 891 1048 958 pastoralis
1069 894 1254 955 agendo

310 961 516 1009 Naviter
526 959 665 1010 officii
680 974 809 1026 pater
832 960 1018 1038 propria
1034 958 1229 1006 Dioecefi
1216 975 1255 1013 1,

308 1027 424 1076 Inde
436 1043 518 1092 per
531 1027 797 1089 exemplum
820 1024 953 1085 vitae,
981 1038 1081 1074 turn
1099 1041 1182 1090 per
1203 1027 1552 1077 documentum

307 1093 497 1143 Lucrar1
510 1095 734 1149 dommo
754 1093 907 1157 plures
930 1107 1102 1157 pueros
1116 1096 1404 1152 coemendo,

302 1161 550 1225 Qosdam
561 1160 838 1208 Sciavorum
850 1189 864 1212 ‚
897 1161 1125 1223 quosdam
1139 1160 1196 1206 de
1220 1174 1362 1222 gente
1380 1163 1640 1223 Danorum,

303 1227 550 1291 Qosdam
565 1228 774 1292 captivos
788 1226 845 1274 ad
859 1239 978 1289 opus
990 1225 1173 1272 deitatis
1197 1226 1394 1275 alendos
1407 1244 1424 1289 ς

304 1293 421 1342 Non
443 1293 593 1342 nullos
605 1309 809 1360 quorum
822 1295 1030 1341 retinens
1043 1293 1088 1339 in
1103 1293 1329 1357 dogmate
1339 1294 1510 1357 secum,
1578 1329 1585 1340 .

302 1360 552 1440 Qosdam
577 1360 802 1426 praedicta:
817 1360 1051 1408 direxitad
1076 1360 1215 1408 ubera
1228 1362 1366 1410 cellae.

297 1427 389 1476 Sed
409 1430 607 1478 comites
620 1430 802 1483 habuit,
822 1428 898 1476 fibi
911 1441 1035 1494 quos
1043 1428 1216 1489 Corbejae
1233 1429 1367 1488 misit,

298 1493 577 1545 Sanfitorum
591 1498 807 1562 genetrix
829 1497 1176 1544 monachorum
1190 1496 1303 1545 celia
1332 1495 1526 1555 beatrix,

300 1562 756 1614 HAMMABuRGENsis
779 1564 965 1613 ScHoLA
985 1563 1113 1629 queis
1127 1563 1293 1613 edocta
1317 1564 1539 1629 magistris

296 1629 493 1691 Crevit,
527 1631 576 1683 ὅ(
589 1634 648 1682 ad
666 1631 834 1683 florem
849 1630 1256 1697 perductarefudit
1269 1633 1488 1682 odorem.

788 1728 834 1779 C
846 1744 875 1777 A
888 1745 923 1778 P.
961 1729 1173 1783 XXXV.

432 1801 598 1873 Effugt⁴t
611 1810 712 1856 urbe
729 1823 882 1872 pater,
912 1813 1028 1871 rapit
1039 1799 1157 1854 illam
1177 1809 1386 1856 barbarus
1404 1825 1516 1860 ater

304 1884 429 1948 Ergo
445 1884 547 1931 Deo
565 1883 705 1946 digne
715 1890 1020 1946 gereretcum
1037 1880 1193 1958 praeiul
1209 1888 1420 1947 uterque,

298 1951 779 1998 HAMMABURGENSEM
803 1951 972 2011 piratus
992 1949 1195 2012 contigit
1210 1952 1377 2002 uum

214 2038 218 2040 *
298 2017 363 2064 Ex
376 2015 628 2080 improviso
643 2015 792 2062 multo
807 2015 988 2064 vallasse
1003 2016 1206 2064 liburno

171 2434 256 2469 10.

193 2771 264 2818 15

11 3126 15 3221 '3
80 3156 117 3208 ι)
149 3157 280 3204 Hostis·

296 2084 376 2132 Ad
398 2083 798 2147 propugnandum
811 2083 918 2146 cogi
934 2094 1099 2130 manus
1117 2082 1450 2145 indigenarum

296 2150 496 2198 Plurima
509 2164 604 2198 non
623 2151 799 2213 potuit,
816 2149 1010 2213 spatium
1027 2150 1323 2214 properantia
1344 2152 1486 2217 rupit,

301 2216 395 2265 Istis
423 2218 473 2279 ι)
505 2216 712 2266 terrifico
723 2217 920 2265 valentis
933 2221 1105 2264 moenia
1118 2218 1237 2281 giro.

303 2285 420 2332 Non
443 2291 542 2332 erat
558 2283 739 2333 obfeffis
753 2299 913 2333 arcere
926 2284 1128 2349 pericula
1152 2285 1314 2332 mortis

306 2350 500 2406 Virtus,
536 2354 794 2414 cumpraefis
820 2354 1049 2398 Bernarius
1078 2352 1193 2398 urbis
1213 2350 1404 2401 abesset.

308 2418 440 2466 Urbe
460 2426 591 2482 pater
605 2420 773 2483 positus
789 2421 922 2483 primi
935 2432 1115 2468 terrore
1128 2420 1355 2468 tumultus

309 2486 535 2535 Tentavit
551 2486 749 2535 retinere
764 2485 919 2535 locum
931 2520 946 2545 ‚
987 2486 1058 2534 sed
1073 2489 1261 2535 barbara
1277 2501 1468 2538 murum

316 2553 384 2600 Ut
398 2554 463 2602 vis
475 2554 664 2617 irrupit,
687 2554 888 2603 formido
901 2555 1109 2618 suprema
1124 2556 1280 2618 coegit

316 2619 531 2682 Cedere3
574 2621 651 2667 vix
664 2633 845 2669 tantum
861 2624 1044 2687 rapiens
1067 2623 1186 2670 sacra
1199 2625 1398 2687 pignora
1411 2621 1567 2678 secum
1645 2664 1648 2669 .

316 2688 508 2752 Integer
521 2687 659 2736 evafit
671 2720 682 2742 ,
724 2704 895 2752 cappam
910 2701 1067 2737 tamen
1081 2689 1425 2744 hostis-ademit.

322 2754 451 2804 Ceff
436 2771 470 2804 t
485 2757 550 2804 uti
565 2756 701 2803 laicus
714 2755 935 2820 fugiendo
949 2772 1033 2822 per
1043 2757 1143 2805 avia
1154 2758 1316 2806 clerus.

313 2824 370 2872 Et
383 2825 568 2889 quidam
581 2823 702 2888 capti
714 2854 727 2877 ,
763 2822 967 2887 plerique
991 2826 1120 2873 fuere
1144 2825 1390 2890 perempti

313 2894 379 2940 At
393 2892 487 2939 fera
499 2892 644 2940 baries
658 2903 806 2939 totam
818 2890 978 2939 diffusa
1000 2908 1080 2956 per
1094 2895 1279 2958 urbem

321 2956 570 3024 Postquam
591 2956 799 3025 congeff
784 2967 822 3008 t
831 2974 995 3023 gazam
1010 2992 1025 3018 ,
1058 2959 1347 3026 biduumque
1357 2960 1555 3026 peregit,

717 3094 859 3146 ιε-ἔίἰο
879 3096 1052 3148 varians
1069 3113 1124 3148 ex
1136 3097 1255 3148 Allis
1268 3097 1533 3164 §afflet-‘cmo

2126 275 2219 326 159

2021 3021 2214 3091 AEdibuo
