<?xml version="1.0" encoding="UTF-8"?>
<!DOCTYPE html PUBLIC "-//W3C//DTD XHTML 1.0 Transitional//EN"
    "http://www.w3.org/TR/xhtml1/DTD/xhtml1-transitional.dtd">
<html xmlns="http://www.w3.org/1999/xhtml" xml:lang="en" lang="en">
 <head>
  <title>
</title>
<meta http-equiv="Content-Type" content="text/html;charset=utf-8" />
  <meta name='ocr-system' content='tesseract 3.04.00' />
  <meta name='ocr-capabilities' content='ocr_page ocr_carea ocr_par ocr_line ocrx_word'/>
</head>
<body>
  <div class='ocr_page' id='page_1' title='image "./historiaecclesia01stap_0703.png"; bbox 0 0 2433 3401; ppageno 0'>
   <div class='ocr_carea' id='block_1_1' title="bbox 111 283 688 311">
    <p class='ocr_par' dir='ltr' id='par_1_1' title="bbox 111 283 688 311">
     <span class='ocr_line' id='line_1_1' title="bbox 111 283 688 311; baseline 0 3090"><span class='ocrx_word' id='word_1_1' title='bbox 111 283 688 311; x_wconf 95' lang='lat' dir='ltr'> </span> 
     </span>
    </p>
   </div>
   <div class='ocr_carea' id='block_1_2' title="bbox 159 195 2272 276">
    <p class='ocr_par' dir='ltr' id='par_1_2' title="bbox 159 195 2272 276">
     <span class='ocr_line' id='line_1_2' title="bbox 159 195 2272 276; baseline -0.01 -17"><span class='ocrx_word' id='word_1_2' title='bbox 159 213 317 276; x_wconf 80' lang='lat' dir='ltr'>4Cap.</span> <span class='ocrx_word' id='word_1_3' title='bbox 337 195 597 270; x_wconf 56' lang='grc' dir='ltr'>ρῖιΊῗεςὲεἱῇ</span> <span class='ocrx_word' id='word_1_4' title='bbox 795 211 856 248; x_wconf 81' lang='lat' dir='ltr'>ex</span> <span class='ocrx_word' id='word_1_5' title='bbox 877 195 1064 248; x_wconf 85' lang='lat' dir='ltr'>Statutis</span> <span class='ocrx_word' id='word_1_6' title='bbox 1085 196 1287 248; x_wconf 80' lang='lat' dir='ltr'>Ecclefiae</span> <span class='ocrx_word' id='word_1_7' title='bbox 1311 197 1572 265; x_wconf 87' lang='lat' dir='ltr'>Hamburg.</span> <span class='ocrx_word' id='word_1_8' title='bbox 1872 230 1873 233; x_wconf 66' lang='lat'>,</span> <span class='ocrx_word' id='word_1_9' title='bbox 2178 201 2239 251; x_wconf 67' lang='lat'>61</span> <span class='ocrx_word' id='word_1_10' title='bbox 2253 218 2272 256; x_wconf 80' lang='lat'>1</span> 
     </span>
    </p>
   </div>
   <div class='ocr_carea' id='block_1_3' title="bbox 72 314 2298 1797">
    <p class='ocr_par' dir='ltr' id='par_1_3' title="bbox 72 314 2298 1797">
     <span class='ocr_line' id='line_1_3' title="bbox 261 314 1750 390; baseline -0.004 -20"><span class='ocrx_word' id='word_1_11' title='bbox 261 322 392 390; x_wconf 85' lang='lat' dir='ltr'>Qid</span> <span class='ocrx_word' id='word_1_12' title='bbox 400 320 592 369; x_wconf 84' lang='lat' dir='ltr'>Plebani</span> <span class='ocrx_word' id='word_1_13' title='bbox 602 314 823 371; x_wconf 74' lang='lat' dir='ltr'>&amp;Vicari</span> <span class='ocrx_word' id='word_1_14' title='bbox 829 331 964 363; x_wconf 91' lang='lat' dir='ltr'>orum</span> <span class='ocrx_word' id='word_1_15' title='bbox 977 315 1025 362; x_wconf 86' lang='lat' dir='ltr'>in</span> <span class='ocrx_word' id='word_1_16' title='bbox 1038 331 1165 363; x_wconf 91' lang='lat' dir='ltr'>anno</span> <span class='ocrx_word' id='word_1_17' title='bbox 1178 315 1337 380; x_wconf 69' lang='lat' dir='ltr'>gratiae</span> <span class='ocrx_word' id='word_1_18' title='bbox 1349 315 1588 363; x_wconf 83' lang='lat' dir='ltr'><strong>debeatur.</strong></span> <span class='ocrx_word' id='word_1_19' title='bbox 1622 314 1653 363; x_wconf 88' lang='lat' dir='ltr'>f.</span> <span class='ocrx_word' id='word_1_20' title='bbox 1676 321 1750 375; x_wconf 89' lang='lat'>58.</span> 
     </span>
     <span class='ocr_line' id='line_1_4' title="bbox 258 380 2281 452; baseline -0.005 -9.232"><span class='ocrx_word' id='word_1_21' title='bbox 258 391 330 439; x_wconf 93' lang='lat' dir='ltr'>De</span> <span class='ocrx_word' id='word_1_22' title='bbox 349 389 542 438; x_wconf 83' lang='lat' dir='ltr'>decimis</span> <span class='ocrx_word' id='word_1_23' title='bbox 555 386 814 446; x_wconf 84' lang='lat' dir='ltr'>nonalium,</span> <span class='ocrx_word' id='word_1_24' title='bbox 825 384 1072 452; x_wconf 81' lang='lat' dir='ltr'>quomodo</span> <span class='ocrx_word' id='word_1_25' title='bbox 1086 382 1302 431; x_wconf 79' lang='lat' dir='ltr'>Comites</span> <span class='ocrx_word' id='word_1_26' title='bbox 1316 380 1534 431; x_wconf 85' lang='lat' dir='ltr'>Holsatiae</span> <span class='ocrx_word' id='word_1_27' title='bbox 1547 384 1606 430; x_wconf 90' lang='lat' dir='ltr'>de</span> <span class='ocrx_word' id='word_1_28' title='bbox 1618 382 1750 431; x_wconf 85' lang='lat' dir='ltr'>bisin</span> <span class='ocrx_word' id='word_1_29' title='bbox 1762 390 1885 432; x_wconf 87' lang='lat' dir='ltr'>terra</span> <span class='ocrx_word' id='word_1_30' title='bbox 1896 384 2178 444; x_wconf 83' lang='lat' dir='ltr'>Stormariae,</span> <span class='ocrx_word' id='word_1_31' title='bbox 2190 384 2281 434; x_wconf 81' lang='lat' dir='ltr'>dis-</span> 
     </span>
     <span class='ocr_line' id='line_1_5' title="bbox 127 457 512 516; baseline -0.013 -6"><span class='ocrx_word' id='word_1_32' title='bbox 127 458 344 510; x_wconf 87' lang='lat' dir='ltr'>osuerint.</span> <span class='ocrx_word' id='word_1_33' title='bbox 378 457 411 505; x_wconf 92' lang='lat' dir='ltr'>f.</span> <span class='ocrx_word' id='word_1_34' title='bbox 439 464 512 516; x_wconf 88' lang='lat'>58.</span> 
     </span>
     <span class='ocr_line' id='line_1_6' title="bbox 92 477 2038 592; baseline -0.007 -19"><span class='ocrx_word' id='word_1_35' title='bbox 92 477 122 529; x_wconf 76' lang='lat' dir='ltr'>p</span> <span class='ocrx_word' id='word_1_36' title='bbox 263 528 384 592; x_wconf 86' lang='lat' dir='ltr'>Qae</span> <span class='ocrx_word' id='word_1_37' title='bbox 404 525 581 572; x_wconf 84' lang='lat' dir='ltr'>summa</span> <span class='ocrx_word' id='word_1_38' title='bbox 591 522 784 570; x_wconf 89' lang='lat' dir='ltr'>Vicaria</span> <span class='ocrx_word' id='word_1_39' title='bbox 808 520 1002 579; x_wconf 80' lang='lat' dir='ltr'>dicitur,</span> <span class='ocrx_word' id='word_1_40' title='bbox 1029 518 1137 567; x_wconf 90' lang='lat' dir='ltr'>vide</span> <span class='ocrx_word' id='word_1_41' title='bbox 1154 516 1187 565; x_wconf 89' lang='lat' dir='ltr'>f.</span> <span class='ocrx_word' id='word_1_42' title='bbox 1207 530 1283 577; x_wconf 85' lang='lat'>59.</span> <span class='ocrx_word' id='word_1_43' title='bbox 2034 552 2038 554; x_wconf 5' lang='lat' dir='ltr'>a</span> 
     </span>
     <span class='ocr_line' id='line_1_7' title="bbox 221 578 2283 652; baseline -0.002 -12"><span class='ocrx_word' id='word_1_44' title='bbox 221 646 224 648; x_wconf 11' lang='lat' dir='ltr'>v</span> <span class='ocrx_word' id='word_1_45' title='bbox 263 592 572 641; x_wconf 76' lang='lat' dir='ltr'>Consuetudo</span> <span class='ocrx_word' id='word_1_46' title='bbox 593 592 839 638; x_wconf 86' lang='lat' dir='ltr'>immutata</span> <span class='ocrx_word' id='word_1_47' title='bbox 861 588 887 634; x_wconf 77' lang='lat' dir='ltr'>a</span> <span class='ocrx_word' id='word_1_48' title='bbox 908 587 1190 646; x_wconf 67' lang='lat' dir='ltr'>Canonicis,</span> <span class='ocrx_word' id='word_1_49' title='bbox 1215 578 1438 631; x_wconf 80' lang='lat' dir='ltr'>videlicet</span> <span class='ocrx_word' id='word_1_50' title='bbox 1457 588 1509 630; x_wconf 88' lang='lat' dir='ltr'>ut</span> <span class='ocrx_word' id='word_1_51' title='bbox 1530 584 1739 635; x_wconf 75' lang='lat' dir='ltr'>minores</span> <span class='ocrx_word' id='word_1_52' title='bbox 1759 584 2050 635; x_wconf 86' lang='lat' dir='ltr'>Praebendati</span> <span class='ocrx_word' id='word_1_53' title='bbox 2084 585 2283 652; x_wconf 68' lang='lat' dir='ltr'>aequales</span> 
     </span>
     <span class='ocr_line' id='line_1_8' title="bbox 89 653 2286 775; baseline -0.005 -61"><span class='ocrx_word' id='word_1_54' title='bbox 89 662 291 775; x_wconf 74' lang='lat' dir='ltr'>debeanlt</span> <span class='ocrx_word' id='word_1_55' title='bbox 302 658 392 708; x_wconf 83' lang='lat' dir='ltr'>effe</span> <span class='ocrx_word' id='word_1_56' title='bbox 406 661 455 708; x_wconf 80' lang='lat' dir='ltr'>in</span> <span class='ocrx_word' id='word_1_57' title='bbox 467 658 660 709; x_wconf 83' lang='lat' dir='ltr'><strong>decimis</strong></span> <span class='ocrx_word' id='word_1_58' title='bbox 682 657 730 708; x_wconf 75' lang='grc' dir='ltr'>ὅ(</span> <span class='ocrx_word' id='word_1_59' title='bbox 749 657 1097 705; x_wconf 86' lang='lat' dir='ltr'>donationibus.</span> <span class='ocrx_word' id='word_1_60' title='bbox 1168 657 1289 705; x_wconf 85' lang='lat' dir='ltr'>Item</span> <span class='ocrx_word' id='word_1_61' title='bbox 1303 654 1350 701; x_wconf 92' lang='lat' dir='ltr'>in</span> <span class='ocrx_word' id='word_1_62' title='bbox 1362 655 1580 702; x_wconf 90' lang='lat' dir='ltr'>omnibus</span> <span class='ocrx_word' id='word_1_63' title='bbox 1594 653 1948 702; x_wconf 78' lang='lat' dir='ltr'>obtentionibus</span> <span class='ocrx_word' id='word_1_64' title='bbox 1960 653 2008 702; x_wconf 66' lang='grc' dir='ltr'>ὃς</span> <span class='ocrx_word' id='word_1_65' title='bbox 2021 655 2286 703; x_wconf 85' lang='lat' dir='ltr'>accrescen-</span> 
     </span>
     <span class='ocr_line' id='line_1_9' title="bbox 91 728 1473 779; baseline -0.008 0"><span class='ocrx_word' id='word_1_66' title='bbox 91 730 179 779; x_wconf 84' lang='lat' dir='ltr'>tiis.</span> <span class='ocrx_word' id='word_1_67' title='bbox 213 728 264 777; x_wconf 90' lang='lat' dir='ltr'>fo</span> <span class='ocrx_word' id='word_1_68' title='bbox 285 765 297 777; x_wconf 92' lang='lat'><strong><em>.</em></strong></span> <span class='ocrx_word' id='word_1_69' title='bbox 312 729 420 776; x_wconf 89' lang='lat' dir='ltr'>eod.</span> <span class='ocrx_word' id='word_1_70' title='bbox 1469 755 1473 756; x_wconf 25' lang='lat' dir='ltr'><em>ff</em></span> 
     </span>
     <span class='ocr_line' id='line_1_10' title="bbox 221 784 2285 856; baseline -0.006 -11"><span class='ocrx_word' id='word_1_71' title='bbox 221 830 225 831; x_wconf 26' lang='grc' dir='ltr'><em>ν</em></span> <span class='ocrx_word' id='word_1_72' title='bbox 258 797 470 844; x_wconf 76' lang='lat' dir='ltr'>Minores</span> <span class='ocrx_word' id='word_1_73' title='bbox 483 793 775 842; x_wconf 80' lang='lat' dir='ltr'>Praebendati</span> <span class='ocrx_word' id='word_1_74' title='bbox 797 806 897 839; x_wconf 91' lang='lat' dir='ltr'>non</span> <span class='ocrx_word' id='word_1_75' title='bbox 918 788 1107 856; x_wconf 80' lang='lat' dir='ltr'>possunt</span> <span class='ocrx_word' id='word_1_76' title='bbox 1129 796 1293 854; x_wconf 91' lang='lat' dir='ltr'>petere</span> <span class='ocrx_word' id='word_1_77' title='bbox 1305 788 1610 836; x_wconf 89' lang='lat' dir='ltr'>Praebendam</span> <span class='ocrx_word' id='word_1_78' title='bbox 1631 784 1864 850; x_wconf 83' lang='lat' dir='ltr'>majorem</span> <span class='ocrx_word' id='word_1_79' title='bbox 1876 793 2098 850; x_wconf 80' lang='lat' dir='ltr'>tanquam</span> <span class='ocrx_word' id='word_1_80' title='bbox 2111 784 2212 849; x_wconf 83' lang='lat' dir='ltr'>ipfis</span> <span class='ocrx_word' id='word_1_81' title='bbox 2226 786 2285 833; x_wconf 87' lang='lat' dir='ltr'>de</span> 
     </span>
     <span class='ocr_line' id='line_1_11' title="bbox 87 852 2285 928; baseline -0.005 -16"><span class='ocrx_word' id='word_1_82' title='bbox 87 861 190 928; x_wconf 81' lang='lat' dir='ltr'>jure</span> <span class='ocrx_word' id='word_1_83' title='bbox 203 865 445 921; x_wconf 81' lang='lat' dir='ltr'>debeatur,</span> <span class='ocrx_word' id='word_1_84' title='bbox 460 862 534 910; x_wconf 89' lang='lat' dir='ltr'>sed</span> <span class='ocrx_word' id='word_1_85' title='bbox 553 876 612 910; x_wconf 84' lang='lat' dir='ltr'>ex</span> <span class='ocrx_word' id='word_1_86' title='bbox 632 861 779 926; x_wconf 87' lang='lat' dir='ltr'>gratia</span> <span class='ocrx_word' id='word_1_87' title='bbox 789 858 1000 926; x_wconf 79' lang='lat' dir='ltr'>Capituli</span> <span class='ocrx_word' id='word_1_88' title='bbox 1023 860 1082 906; x_wconf 92' lang='lat' dir='ltr'>ad</span> <span class='ocrx_word' id='word_1_89' title='bbox 1104 857 1495 906; x_wconf 82' lang='lat' dir='ltr'>consuetudinem</span> <span class='ocrx_word' id='word_1_90' title='bbox 1517 855 1828 922; x_wconf 84' lang='lat' dir='ltr'>approbatam</span> <span class='ocrx_word' id='word_1_91' title='bbox 1847 854 1907 901; x_wconf 89' lang='lat' dir='ltr'>ad</span> <span class='ocrx_word' id='word_1_92' title='bbox 1928 852 2171 919; x_wconf 81' lang='lat' dir='ltr'>privilegia</span> <span class='ocrx_word' id='word_1_93' title='bbox 2193 852 2226 901; x_wconf 81' lang='lat' dir='ltr'>f.</span> <span class='ocrx_word' id='word_1_94' title='bbox 2242 860 2285 908; x_wconf 79' lang='lat'>8.</span> 
     </span>
     <span class='ocr_line' id='line_1_12' title="bbox 88 945 1477 1065; baseline -0.007 -17"><span class='ocrx_word' id='word_1_95' title='bbox 88 946 155 996; x_wconf 72' lang='lat'>44</span> <span class='ocrx_word' id='word_1_96' title='bbox 186 949 220 996; x_wconf 62' lang='lat'>4</span> <span class='ocrx_word' id='word_1_97' title='bbox 259 945 760 1065; x_wconf 50' lang='lat' dir='ltr'>Super5instauratione</span> <span class='ocrx_word' id='word_1_98' title='bbox 773 993 1010 1043; x_wconf 88' lang='lat' dir='ltr'>Cantoriae</span> <span class='ocrx_word' id='word_1_99' title='bbox 1023 992 1073 1042; x_wconf 73' lang='grc' dir='ltr'>ὅ(</span> <span class='ocrx_word' id='word_1_100' title='bbox 1086 990 1185 1055; x_wconf 89' lang='lat' dir='ltr'>ejus</span> <span class='ocrx_word' id='word_1_101' title='bbox 1203 991 1477 1039; x_wconf 80' lang='lat' dir='ltr'>redditibus,</span> 
     </span>
     <span class='ocr_line' id='line_1_13' title="bbox 259 1053 1719 1119; baseline -0.008 -4"><span class='ocrx_word' id='word_1_102' title='bbox 259 1066 388 1115; x_wconf 86' lang='lat' dir='ltr'>Vide</span> <span class='ocrx_word' id='word_1_103' title='bbox 401 1064 642 1114; x_wconf 89' lang='lat' dir='ltr'>Vicariam</span> <span class='ocrx_word' id='word_1_104' title='bbox 663 1063 860 1110; x_wconf 85' lang='lat' dir='ltr'>fratrum</span> <span class='ocrx_word' id='word_1_105' title='bbox 874 1059 1192 1108; x_wconf 88' lang='lat' dir='ltr'>Calendarum</span> <span class='ocrx_word' id='word_1_106' title='bbox 1215 1058 1248 1107; x_wconf 89' lang='lat' dir='ltr'>f.</span> <span class='ocrx_word' id='word_1_107' title='bbox 1273 1059 1445 1107; x_wconf 89' lang='lat' dir='ltr'>eodem</span> <span class='ocrx_word' id='word_1_108' title='bbox 1462 1058 1490 1105; x_wconf 81' lang='lat'><em>6</em></span> <span class='ocrx_word' id='word_1_109' title='bbox 1500 1071 1518 1119; x_wconf 83' lang='lat'>3</span> <span class='ocrx_word' id='word_1_110' title='bbox 1529 1093 1541 1106; x_wconf 92' lang='lat'>.</span> <span class='ocrx_word' id='word_1_111' title='bbox 1554 1056 1601 1106; x_wconf 88' lang='lat' dir='ltr'>in</span> <span class='ocrx_word' id='word_1_112' title='bbox 1611 1053 1719 1105; x_wconf 84' lang='lat' dir='ltr'>fine.</span> 
     </span>
     <span class='ocr_line' id='line_1_14' title="bbox 242 1127 1919 1196; baseline -0.007 -15"><span class='ocrx_word' id='word_1_113' title='bbox 242 1138 245 1139; x_wconf 71' lang='grc'>’</span> <span class='ocrx_word' id='word_1_114' title='bbox 259 1135 393 1181; x_wconf 89' lang='lat' dir='ltr'>Nota</span> <span class='ocrx_word' id='word_1_115' title='bbox 402 1132 468 1180; x_wconf 89' lang='lat' dir='ltr'>ibi</span> <span class='ocrx_word' id='word_1_116' title='bbox 481 1131 610 1196; x_wconf 88' lang='lat' dir='ltr'>quod</span> <span class='ocrx_word' id='word_1_117' title='bbox 623 1137 820 1193; x_wconf 88' lang='lat' dir='ltr'>cogatur</span> <span class='ocrx_word' id='word_1_118' title='bbox 837 1128 994 1175; x_wconf 89' lang='lat' dir='ltr'>facere</span> <span class='ocrx_word' id='word_1_119' title='bbox 1009 1127 1327 1174; x_wconf 87' lang='lat' dir='ltr'>obedientiam</span> <span class='ocrx_word' id='word_1_120' title='bbox 1339 1127 1553 1173; x_wconf 86' lang='lat' dir='ltr'>DecanO.</span> <span class='ocrx_word' id='word_1_121' title='bbox 1914 1156 1919 1157; x_wconf 24' lang='grc' dir='ltr'><em>ν</em></span> 
     </span>
     <span class='ocr_line' id='line_1_15' title="bbox 260 1186 2231 1255; baseline -0.007 -7"><span class='ocrx_word' id='word_1_122' title='bbox 260 1197 505 1248; x_wconf 73' lang='lat' dir='ltr'>Restriecio</span> <span class='ocrx_word' id='word_1_123' title='bbox 514 1197 873 1245; x_wconf 85' lang='lat' dir='ltr'>Praebendarum</span> <span class='ocrx_word' id='word_1_124' title='bbox 886 1196 944 1241; x_wconf 89' lang='lat' dir='ltr'>ad</span> <span class='ocrx_word' id='word_1_125' title='bbox 956 1194 1209 1241; x_wconf 90' lang='lat' dir='ltr'>duodecim</span> <span class='ocrx_word' id='word_1_126' title='bbox 1222 1190 1425 1254; x_wconf 85' lang='lat' dir='ltr'>majores</span> <span class='ocrx_word' id='word_1_127' title='bbox 1438 1192 1487 1240; x_wconf 86' lang='lat'>&amp;</span> <span class='ocrx_word' id='word_1_128' title='bbox 1501 1197 1703 1255; x_wconf 88' lang='lat' dir='ltr'>quatuor</span> <span class='ocrx_word' id='word_1_129' title='bbox 1715 1190 1940 1245; x_wconf 75' lang='lat' dir='ltr'>minoreS,</span> <span class='ocrx_word' id='word_1_130' title='bbox 1953 1186 1985 1236; x_wconf 90' lang='lat' dir='ltr'>f.</span> <span class='ocrx_word' id='word_1_131' title='bbox 2001 1193 2044 1243; x_wconf 88' lang='lat'>8.</span> <span class='ocrx_word' id='word_1_132' title='bbox 2065 1199 2139 1248; x_wconf 83' lang='lat'>34.</span> <span class='ocrx_word' id='word_1_133' title='bbox 2150 1187 2182 1235; x_wconf 84' lang='lat'>6</span> <span class='ocrx_word' id='word_1_134' title='bbox 2191 1196 2231 1245; x_wconf 86' lang='lat'>5.</span> 
     </span>
     <span class='ocr_line' id='line_1_16' title="bbox 262 1251 2294 1328; baseline -0.007 -14"><span class='ocrx_word' id='word_1_135' title='bbox 262 1266 513 1314; x_wconf 86' lang='lat' dir='ltr'>Ordinatio</span> <span class='ocrx_word' id='word_1_136' title='bbox 528 1262 763 1328; x_wconf 84' lang='lat' dir='ltr'>Capituli,</span> <span class='ocrx_word' id='word_1_137' title='bbox 789 1262 976 1326; x_wconf 91' lang='lat' dir='ltr'>quando</span> <span class='ocrx_word' id='word_1_138' title='bbox 1000 1256 1248 1322; x_wconf 77' lang='lat' dir='ltr'>assignatur</span> <span class='ocrx_word' id='word_1_139' title='bbox 1269 1257 1406 1306; x_wconf 89' lang='lat' dir='ltr'>alicui</span> <span class='ocrx_word' id='word_1_140' title='bbox 1426 1259 1677 1322; x_wconf 85' lang='lat' dir='ltr'>praebenda</span> <span class='ocrx_word' id='word_1_141' title='bbox 1698 1257 1728 1304; x_wconf 90' lang='lat' dir='ltr'>s.</span> <span class='ocrx_word' id='word_1_142' title='bbox 1741 1258 1898 1305; x_wconf 90' lang='lat' dir='ltr'>minor</span> <span class='ocrx_word' id='word_1_143' title='bbox 1917 1251 2135 1319; x_wconf 76' lang='lat' dir='ltr'>fimajor,</span> <span class='ocrx_word' id='word_1_144' title='bbox 2163 1253 2294 1318; x_wconf 82' lang='lat' dir='ltr'>quod</span> 
     </span>
     <span class='ocr_line' id='line_1_17' title="bbox 90 1321 2293 1395; baseline -0.007 -11"><span class='ocrx_word' id='word_1_145' title='bbox 90 1342 207 1384; x_wconf 87' lang='lat' dir='ltr'>tunc</span> <span class='ocrx_word' id='word_1_146' title='bbox 225 1335 444 1382; x_wconf 88' lang='lat' dir='ltr'>cautione</span> <span class='ocrx_word' id='word_1_147' title='bbox 458 1329 655 1395; x_wconf 83' lang='lat' dir='ltr'>praestita</span> <span class='ocrx_word' id='word_1_148' title='bbox 665 1327 778 1379; x_wconf 88' lang='lat' dir='ltr'>velit</span> <span class='ocrx_word' id='word_1_149' title='bbox 791 1328 970 1375; x_wconf 87' lang='lat' dir='ltr'>servare</span> <span class='ocrx_word' id='word_1_150' title='bbox 983 1324 1277 1390; x_wconf 78' lang='lat' dir='ltr'>Capitulum,</span> <span class='ocrx_word' id='word_1_151' title='bbox 1291 1324 1321 1372; x_wconf 87' lang='lat' dir='ltr'>fi</span> <span class='ocrx_word' id='word_1_152' title='bbox 1335 1322 1525 1389; x_wconf 82' lang='lat' dir='ltr'>quaes’tio</span> <span class='ocrx_word' id='word_1_153' title='bbox 1540 1324 1716 1371; x_wconf 83' lang='lat' dir='ltr'>oriatur</span> <span class='ocrx_word' id='word_1_154' title='bbox 1730 1323 1866 1389; x_wconf 90' lang='lat' dir='ltr'>super</span> <span class='ocrx_word' id='word_1_155' title='bbox 1885 1322 2151 1387; x_wconf 68' lang='lat' dir='ltr'>praebenda,</span> <span class='ocrx_word' id='word_1_156' title='bbox 2163 1321 2293 1369; x_wconf 84' lang='lat' dir='ltr'>inde·</span> 
     </span>
     <span class='ocr_line' id='line_1_18' title="bbox 88 1391 1446 1461; baseline -0.009 -10"><span class='ocrx_word' id='word_1_157' title='bbox 88 1416 222 1451; x_wconf 86' lang='lat' dir='ltr'>mnes</span> <span class='ocrx_word' id='word_1_158' title='bbox 234 1401 284 1450; x_wconf 74' lang='grc' dir='ltr'>ὃ(</span> <span class='ocrx_word' id='word_1_159' title='bbox 296 1400 552 1448; x_wconf 87' lang='lat' dir='ltr'>defendere</span> <span class='ocrx_word' id='word_1_160' title='bbox 565 1396 765 1461; x_wconf 89' lang='lat' dir='ltr'>propriis</span> <span class='ocrx_word' id='word_1_161' title='bbox 778 1393 999 1442; x_wconf 88' lang='lat' dir='ltr'>sumtibus</span> <span class='ocrx_word' id='word_1_162' title='bbox 1013 1391 1063 1441; x_wconf 84' lang='lat'>&amp;</span> <span class='ocrx_word' id='word_1_163' title='bbox 1075 1391 1304 1457; x_wconf 80' lang='lat' dir='ltr'>expensis,</span> <span class='ocrx_word' id='word_1_164' title='bbox 1315 1391 1349 1440; x_wconf 89' lang='lat' dir='ltr'>f.</span> <span class='ocrx_word' id='word_1_165' title='bbox 1364 1393 1446 1453; x_wconf 82' lang='lat'>67.</span> 
     </span>
     <span class='ocr_line' id='line_1_19' title="bbox 85 1453 2294 1531; baseline -0.007 -16"><span class='ocrx_word' id='word_1_166' title='bbox 85 1464 86 1467; x_wconf 70' lang='grc'>’</span> <span class='ocrx_word' id='word_1_167' title='bbox 259 1467 411 1531; x_wconf 88' lang='lat' dir='ltr'>Super</span> <span class='ocrx_word' id='word_1_168' title='bbox 433 1463 660 1514; x_wconf 75' lang='lat' dir='ltr'>divisione</span> <span class='ocrx_word' id='word_1_169' title='bbox 683 1462 1006 1518; x_wconf 77' lang='lat' dir='ltr'>vicariatum,</span> <span class='ocrx_word' id='word_1_170' title='bbox 1035 1460 1145 1509; x_wconf 89' lang='lat' dir='ltr'>vide</span> <span class='ocrx_word' id='word_1_171' title='bbox 1165 1460 1259 1518; x_wconf 88' lang='lat' dir='ltr'>ibi,</span> <span class='ocrx_word' id='word_1_172' title='bbox 1282 1460 1411 1525; x_wconf 92' lang='lat' dir='ltr'>quod</span> <span class='ocrx_word' id='word_1_173' title='bbox 1429 1458 1662 1507; x_wconf 86' lang='lat' dir='ltr'>Patronus</span> <span class='ocrx_word' id='word_1_174' title='bbox 1690 1457 1939 1522; x_wconf 87' lang='lat' dir='ltr'>personam</span> <span class='ocrx_word' id='word_1_175' title='bbox 1965 1453 2294 1503; x_wconf 87' lang='lat' dir='ltr'>instituendam</span> 
     </span>
     <span class='ocr_line' id='line_1_20' title="bbox 89 1533 575 1603; baseline -0.016 -17"><span class='ocrx_word' id='word_1_176' title='bbox 89 1534 365 1603; x_wconf 83' lang='lat' dir='ltr'>praesentare</span> <span class='ocrx_word' id='word_1_177' title='bbox 388 1533 575 1580; x_wconf 89' lang='lat' dir='ltr'>debeat.</span> 
     </span>
     <span class='ocr_line' id='line_1_21' title="bbox 127 1588 2297 1660; baseline -0.006 -11"><span class='ocrx_word' id='word_1_178' title='bbox 127 1599 130 1602; x_wconf 77' lang='grc'><strong>’</strong></span> <span class='ocrx_word' id='word_1_179' title='bbox 262 1601 398 1647; x_wconf 91' lang='lat' dir='ltr'>Item.</span> <span class='ocrx_word' id='word_1_180' title='bbox 430 1600 563 1647; x_wconf 92' lang='lat' dir='ltr'>Nota</span> <span class='ocrx_word' id='word_1_181' title='bbox 583 1597 671 1653; x_wconf 86' lang='lat' dir='ltr'>ibi,</span> <span class='ocrx_word' id='word_1_182' title='bbox 693 1593 824 1660; x_wconf 88' lang='lat' dir='ltr'>quod</span> <span class='ocrx_word' id='word_1_183' title='bbox 843 1591 1010 1657; x_wconf 84' lang='lat' dir='ltr'>majori</span> <span class='ocrx_word' id='word_1_184' title='bbox 1023 1592 1332 1641; x_wconf 84' lang='lat' dir='ltr'>Praebendato</span> <span class='ocrx_word' id='word_1_185' title='bbox 1355 1592 1552 1639; x_wconf 89' lang='lat' dir='ltr'>duarum</span> <span class='ocrx_word' id='word_1_186' title='bbox 1561 1591 1857 1639; x_wconf 88' lang='lat' dir='ltr'>Vicariarum</span> <span class='ocrx_word' id='word_1_187' title='bbox 1877 1588 2159 1643; x_wconf 89' lang='lat' dir='ltr'>collationes</span> <span class='ocrx_word' id='word_1_188' title='bbox 2183 1601 2297 1652; x_wconf 80' lang='lat' dir='ltr'>prae·</span> 
     </span>
     <span class='ocr_line' id='line_1_22' title="bbox 72 1654 2298 1724; baseline -0.008 -6"><span class='ocrx_word' id='word_1_189' title='bbox 72 1664 369 1723; x_wconf 35' lang='lat' dir='ltr'>‘bendarum,</span> <span class='ocrx_word' id='word_1_190' title='bbox 383 1680 493 1714; x_wconf 91' lang='lat' dir='ltr'>cum</span> <span class='ocrx_word' id='word_1_191' title='bbox 503 1664 759 1718; x_wconf 84' lang='lat' dir='ltr'>vacaverit,</span> <span class='ocrx_word' id='word_1_192' title='bbox 775 1657 998 1724; x_wconf 84' lang='lat' dir='ltr'>affignata</span> <span class='ocrx_word' id='word_1_193' title='bbox 1010 1660 1168 1716; x_wconf 88' lang='lat' dir='ltr'>fuerit,</span> <span class='ocrx_word' id='word_1_194' title='bbox 1190 1658 1319 1706; x_wconf 80' lang='lat' dir='ltr'>simul</span> <span class='ocrx_word' id='word_1_195' title='bbox 1331 1674 1442 1706; x_wconf 92' lang='lat' dir='ltr'>cum</span> <span class='ocrx_word' id='word_1_196' title='bbox 1453 1658 1549 1724; x_wconf 90' lang='lat' dir='ltr'>ipsa</span> <span class='ocrx_word' id='word_1_197' title='bbox 1559 1658 1813 1706; x_wconf 86' lang='lat' dir='ltr'>Praebenda</span> <span class='ocrx_word' id='word_1_198' title='bbox 1822 1658 1904 1722; x_wconf 89' lang='lat' dir='ltr'>Jus</span> <span class='ocrx_word' id='word_1_199' title='bbox 1917 1657 2199 1705; x_wconf 88' lang='lat' dir='ltr'>Patronatus</span> <span class='ocrx_word' id='word_1_200' title='bbox 2214 1654 2298 1702; x_wconf 79' lang='lat' dir='ltr'>Vi-</span> 
     </span>
     <span class='ocr_line' id='line_1_23' title="bbox 96 1719 2297 1797; baseline -0.007 -11"><span class='ocrx_word' id='word_1_201' title='bbox 96 1719 325 1786; x_wconf 60' lang='lat' dir='ltr'>cariafum</span> <span class='ocrx_word' id='word_1_202' title='bbox 336 1734 491 1781; x_wconf 89' lang='lat' dir='ltr'>eidem</span> <span class='ocrx_word' id='word_1_203' title='bbox 513 1730 776 1797; x_wconf 86' lang='lat' dir='ltr'>praebendae</span> <span class='ocrx_word' id='word_1_204' title='bbox 797 1729 1098 1794; x_wconf 88' lang='lat' dir='ltr'>ascriptarum</span> <span class='ocrx_word' id='word_1_205' title='bbox 1119 1729 1169 1775; x_wconf 89' lang='lat' dir='ltr'>in</span> <span class='ocrx_word' id='word_1_206' title='bbox 1193 1725 1343 1792; x_wconf 87' lang='lat' dir='ltr'>ipsum</span> <span class='ocrx_word' id='word_1_207' title='bbox 1362 1726 1674 1775; x_wconf 87' lang='lat' dir='ltr'>transferatur</span> <span class='ocrx_word' id='word_1_208' title='bbox 1690 1727 1840 1774; x_wconf 90' lang='lat' dir='ltr'>modo</span> <span class='ocrx_word' id='word_1_209' title='bbox 1863 1724 1997 1788; x_wconf 91' lang='lat' dir='ltr'>supra</span> <span class='ocrx_word' id='word_1_210' title='bbox 2018 1721 2145 1787; x_wconf 56' lang='lat' dir='ltr'>disto</span> <span class='ocrx_word' id='word_1_211' title='bbox 2168 1722 2202 1771; x_wconf 89' lang='lat' dir='ltr'>f.</span> <span class='ocrx_word' id='word_1_212' title='bbox 2218 1723 2297 1777; x_wconf 79' lang='grc'>68.</span> 
     </span>
    </p>
   </div>
   <div class='ocr_carea' id='block_1_4' title="bbox 96 1804 2317 1926">
    <p class='ocr_par' dir='ltr' id='par_1_4' title="bbox 96 1804 2317 1926">
     <span class='ocr_line' id='line_1_24' title="bbox 96 1804 2317 1926; baseline -0.008 -8"><span class='ocrx_word' id='word_1_213' title='bbox 96 1804 145 1854; x_wconf 54' lang='grc' dir='ltr'>ὅ(</span> <span class='ocrx_word' id='word_1_214' title='bbox 166 1815 397 1916; x_wconf 46' lang='lat' dir='ltr'>lwlzgnli·</span> <span class='ocrx_word' id='word_1_215' title='bbox 409 1867 517 1916; x_wconf 87' lang='lat' dir='ltr'>vide</span> <span class='ocrx_word' id='word_1_216' title='bbox 541 1865 789 1914; x_wconf 88' lang='lat' dir='ltr'>secundam</span> <span class='ocrx_word' id='word_1_217' title='bbox 814 1859 1092 1911; x_wconf 85' lang='lat' dir='ltr'>divifionem</span> <span class='ocrx_word' id='word_1_218' title='bbox 1113 1861 1238 1909; x_wconf 89' lang='lat' dir='ltr'>inter</span> <span class='ocrx_word' id='word_1_219' title='bbox 1256 1837 1464 1925; x_wconf 66' lang='lat' dir='ltr'>majores</span> <span class='ocrx_word' id='word_1_220' title='bbox 1486 1860 1831 1926; x_wconf 81' lang='lat' dir='ltr'>praebendatOS,</span> <span class='ocrx_word' id='word_1_221' title='bbox 1843 1857 1923 1905; x_wconf 88' lang='lat' dir='ltr'>ubi</span> <span class='ocrx_word' id='word_1_222' title='bbox 1942 1856 2086 1904; x_wconf 88' lang='lat' dir='ltr'>etiam</span> <span class='ocrx_word' id='word_1_223' title='bbox 2109 1852 2317 1919; x_wconf 50' lang='lat' dir='ltr'>cuilibet¹</span> 
     </span>
    </p>
   </div>
   <div class='ocr_carea' id='block_1_5' title="bbox 0 1929 1197 2005">
    <p class='ocr_par' dir='ltr' id='par_1_5' title="bbox 0 1929 1197 2005">
     <span class='ocr_line' id='line_1_25' title="bbox 0 1929 1197 2005; baseline -0.008 -18"><span class='ocrx_word' id='word_1_224' title='bbox 0 1955 1 1964; x_wconf 59' lang='lat'>¹</span> <span class='ocrx_word' id='word_1_225' title='bbox 95 1937 356 2005; x_wconf 85' lang='lat' dir='ltr'>praebendae</span> <span class='ocrx_word' id='word_1_226' title='bbox 371 1936 468 1982; x_wconf 90' lang='lat' dir='ltr'>duo</span> <span class='ocrx_word' id='word_1_227' title='bbox 482 1932 713 1981; x_wconf 84' lang='lat' dir='ltr'>beneficia</span> <span class='ocrx_word' id='word_1_228' title='bbox 726 1931 830 1978; x_wconf 90' lang='lat' dir='ltr'>sunt</span> <span class='ocrx_word' id='word_1_229' title='bbox 841 1944 1042 1986; x_wconf 80' lang='lat' dir='ltr'>annexa,</span> <span class='ocrx_word' id='word_1_230' title='bbox 1066 1929 1100 1977; x_wconf 87' lang='lat' dir='ltr'>f.</span> <span class='ocrx_word' id='word_1_231' title='bbox 1116 1930 1197 1984; x_wconf 80' lang='lat'>68.</span> 
     </span>
    </p>
   </div>
   <div class='ocr_carea' id='block_1_6' title="bbox 101 1997 2305 2333">
    <p class='ocr_par' dir='ltr' id='par_1_6' title="bbox 267 1997 1412 2064">
     <span class='ocr_line' id='line_1_26' title="bbox 267 1997 1412 2064; baseline -0.008 -14"><span class='ocrx_word' id='word_1_232' title='bbox 267 2004 503 2059; x_wconf 80' lang='lat' dir='ltr'>Statutum</span> <span class='ocrx_word' id='word_1_233' title='bbox 527 2000 661 2064; x_wconf 89' lang='lat' dir='ltr'>super</span> <span class='ocrx_word' id='word_1_234' title='bbox 680 1997 919 2045; x_wconf 87' lang='lat' dir='ltr'>memoriis</span> <span class='ocrx_word' id='word_1_235' title='bbox 943 1997 1123 2044; x_wconf 69' lang='lat' dir='ltr'>dandis·⁴</span> <span class='ocrx_word' id='word_1_236' title='bbox 1406 2044 1412 2051; x_wconf 55' lang='lat'>„</span> 
     </span>
    </p>

    <p class='ocr_par' dir='ltr' id='par_1_7' title="bbox 101 2055 2301 2200">
     <span class='ocr_line' id='line_1_27' title="bbox 267 2055 2301 2132; baseline -0.006 -16"><span class='ocrx_word' id='word_1_237' title='bbox 267 2068 364 2126; x_wconf 87' lang='lat' dir='ltr'>Ille,</span> <span class='ocrx_word' id='word_1_238' title='bbox 378 2068 459 2132; x_wconf 87' lang='lat' dir='ltr'>qui</span> <span class='ocrx_word' id='word_1_239' title='bbox 479 2068 622 2114; x_wconf 85' lang='lat' dir='ltr'>debet</span> <span class='ocrx_word' id='word_1_240' title='bbox 636 2067 745 2117; x_wconf 78' lang='lat' dir='ltr'>dare</span> <span class='ocrx_word' id='word_1_241' title='bbox 757 2063 1042 2111; x_wconf 81' lang='lat' dir='ltr'>Memoriam</span> <span class='ocrx_word' id='word_1_242' title='bbox 1066 2064 1127 2110; x_wconf 91' lang='lat' dir='ltr'>de</span> <span class='ocrx_word' id='word_1_243' title='bbox 1153 2062 1234 2111; x_wconf 90' lang='lat' dir='ltr'>suo</span> <span class='ocrx_word' id='word_1_244' title='bbox 1256 2058 1492 2110; x_wconf 87' lang='lat' dir='ltr'>beneficio</span> <span class='ocrx_word' id='word_1_245' title='bbox 1504 2094 1521 2120; x_wconf 74' lang='lat'>,</span> <span class='ocrx_word' id='word_1_246' title='bbox 1544 2059 1576 2109; x_wconf 82' lang='lat' dir='ltr'>fi</span> <span class='ocrx_word' id='word_1_247' title='bbox 1595 2075 1697 2109; x_wconf 90' lang='lat' dir='ltr'>non</span> <span class='ocrx_word' id='word_1_248' title='bbox 1715 2059 1821 2119; x_wconf 81' lang='lat' dir='ltr'>dat,</span> <span class='ocrx_word' id='word_1_249' title='bbox 1839 2057 2102 2124; x_wconf 84' lang='lat' dir='ltr'>privabitur</span> <span class='ocrx_word' id='word_1_250' title='bbox 2122 2055 2301 2105; x_wconf 81' lang='lat' dir='ltr'>caeteris</span> 
     </span>
     <span class='ocr_line' id='line_1_28' title="bbox 101 2128 1273 2200; baseline -0.01 -11"><span class='ocrx_word' id='word_1_251' title='bbox 101 2138 358 2193; x_wconf 86' lang='lat' dir='ltr'>memoriis,</span> <span class='ocrx_word' id='word_1_252' title='bbox 373 2150 473 2200; x_wconf 85' lang='lat' dir='ltr'>quae</span> <span class='ocrx_word' id='word_1_253' title='bbox 487 2135 546 2181; x_wconf 92' lang='lat' dir='ltr'>ad</span> <span class='ocrx_word' id='word_1_254' title='bbox 569 2134 715 2199; x_wconf 87' lang='lat' dir='ltr'>ipsum</span> <span class='ocrx_word' id='word_1_255' title='bbox 737 2128 962 2196; x_wconf 68' lang='lat' dir='ltr'>lpeE’oent.</span> <span class='ocrx_word' id='word_1_256' title='bbox 994 2131 1027 2179; x_wconf 88' lang='lat' dir='ltr'>f.</span> <span class='ocrx_word' id='word_1_257' title='bbox 1041 2144 1125 2191; x_wconf 82' lang='lat'>70.</span> <span class='ocrx_word' id='word_1_258' title='bbox 1263 2131 1273 2139; x_wconf 81' lang='grc'><em>’</em></span> 
     </span>
    </p>

    <p class='ocr_par' dir='ltr' id='par_1_8' title="bbox 268 2194 1652 2268">
     <span class='ocr_line' id='line_1_29' title="bbox 268 2194 1652 2268; baseline -0.004 -18"><span class='ocrx_word' id='word_1_259' title='bbox 268 2203 418 2268; x_wconf 88' lang='lat' dir='ltr'>Super</span> <span class='ocrx_word' id='word_1_260' title='bbox 432 2202 626 2266; x_wconf 86' lang='lat' dir='ltr'>panibus</span> <span class='ocrx_word' id='word_1_261' title='bbox 641 2200 803 2246; x_wconf 89' lang='lat' dir='ltr'>dandis</span> <span class='ocrx_word' id='word_1_262' title='bbox 817 2195 1002 2245; x_wconf 72' lang='lat' dir='ltr'>familiae</span> <span class='ocrx_word' id='word_1_263' title='bbox 1013 2197 1249 2247; x_wconf 85' lang='lat' dir='ltr'>Canonici</span> <span class='ocrx_word' id='word_1_264' title='bbox 1263 2194 1489 2246; x_wconf 72' lang='lat' dir='ltr'>defunffi.</span> <span class='ocrx_word' id='word_1_265' title='bbox 1520 2195 1555 2245; x_wconf 86' lang='lat' dir='ltr'>f.</span> <span class='ocrx_word' id='word_1_266' title='bbox 1569 2208 1599 2258; x_wconf 89' lang='lat'><em>7</em></span> <span class='ocrx_word' id='word_1_267' title='bbox 1610 2210 1652 2244; x_wconf 81' lang='lat'>1.</span> 
     </span>
    </p>

    <p class='ocr_par' dir='ltr' id='par_1_9' title="bbox 267 2255 2305 2333">
     <span class='ocr_line' id='line_1_30' title="bbox 267 2255 2305 2333; baseline -0.006 -16"><span class='ocrx_word' id='word_1_268' title='bbox 267 2268 536 2318; x_wconf 89' lang='lat' dir='ltr'>Declaratio</span> <span class='ocrx_word' id='word_1_269' title='bbox 561 2268 860 2332; x_wconf 88' lang='lat' dir='ltr'>quorundam</span> <span class='ocrx_word' id='word_1_270' title='bbox 885 2264 1191 2314; x_wconf 88' lang='lat' dir='ltr'>articulorum</span> <span class='ocrx_word' id='word_1_271' title='bbox 1211 2266 1334 2313; x_wconf 86' lang='lat' dir='ltr'>inter</span> <span class='ocrx_word' id='word_1_272' title='bbox 1351 2264 1658 2333; x_wconf 64' lang='lat' dir='ltr'>Praepositum</span> <span class='ocrx_word' id='word_1_273' title='bbox 1681 2258 2027 2328; x_wconf 85' lang='lat' dir='ltr'>&amp;Capitulum</span> <span class='ocrx_word' id='word_1_274' title='bbox 2055 2255 2305 2308; x_wconf 68' lang='lat' dir='ltr'>&#39;servando-</span> 
     </span>
    </p>
   </div>
   <div class='ocr_carea' id='block_1_7' title="bbox 6 2325 2306 2401">
    <p class='ocr_par' dir='ltr' id='par_1_10' title="bbox 6 2325 2306 2401">
     <span class='ocr_line' id='line_1_31' title="bbox 6 2325 2306 2401; baseline -0.008 -10"><span class='ocrx_word' id='word_1_275' title='bbox 6 2389 8 2399; x_wconf 31' lang='lat' dir='ltr'><em>s</em></span> <span class='ocrx_word' id='word_1_276' title='bbox 65 2398 67 2401; x_wconf 86' lang='lat'>.</span> <span class='ocrx_word' id='word_1_277' title='bbox 102 2356 204 2390; x_wconf 88' lang='lat' dir='ltr'>rum</span> <span class='ocrx_word' id='word_1_278' title='bbox 218 2373 238 2400; x_wconf 28' lang='lat'>,¹</span> <span class='ocrx_word' id='word_1_279' title='bbox 252 2339 331 2385; x_wconf 89' lang='lat' dir='ltr'>ubi</span> <span class='ocrx_word' id='word_1_280' title='bbox 353 2337 553 2384; x_wconf 91' lang='lat' dir='ltr'>habetur</span> <span class='ocrx_word' id='word_1_281' title='bbox 574 2336 623 2383; x_wconf 65' lang='grc' dir='ltr'>ὅ(</span> <span class='ocrx_word' id='word_1_282' title='bbox 646 2342 836 2382; x_wconf 90' lang='lat' dir='ltr'>notatur</span> <span class='ocrx_word' id='word_1_283' title='bbox 856 2352 870 2381; x_wconf 71' lang='grc' dir='ltr'><strong><em>ε</em></strong></span> <span class='ocrx_word' id='word_1_284' title='bbox 908 2334 1056 2400; x_wconf 84' lang='lat' dir='ltr'>Qod</span> <span class='ocrx_word' id='word_1_285' title='bbox 1077 2334 1299 2380; x_wconf 90' lang='lat' dir='ltr'>Decanus</span> <span class='ocrx_word' id='word_1_286' title='bbox 1328 2331 1380 2382; x_wconf 83' lang='lat'>&amp;</span> <span class='ocrx_word' id='word_1_287' title='bbox 1400 2330 1678 2397; x_wconf 84' lang='lat' dir='ltr'>Capitulum</span> <span class='ocrx_word' id='word_1_288' title='bbox 1700 2331 1850 2379; x_wconf 86' lang='lat' dir='ltr'>habet</span> <span class='ocrx_word' id='word_1_289' title='bbox 1860 2325 2236 2393; x_wconf 72' lang='lat' dir='ltr'>jurisdiffionem</span> <span class='ocrx_word' id='word_1_290' title='bbox 2258 2325 2306 2373; x_wconf 84' lang='lat' dir='ltr'>in</span> 
     </span>
    </p>
   </div>
   <div class='ocr_carea' id='block_1_8' title="bbox 0 1971 11 2526">
    <p class='ocr_par' dir='ltr' id='par_1_11' title="bbox 0 1971 11 2526">
     <span class='ocr_line' id='line_1_32' title="bbox 0 1971 11 2526; baseline 0 0"><span class='ocrx_word' id='word_1_291' title='bbox 0 1971 11 2526; x_wconf 95' lang='lat' dir='ltr'> </span> 
     </span>
    </p>
   </div>
   <div class='ocr_carea' id='block_1_9' title="bbox 104 2391 2307 2467">
    <p class='ocr_par' dir='ltr' id='par_1_12' title="bbox 104 2391 2307 2467">
     <span class='ocr_line' id='line_1_33' title="bbox 104 2391 2307 2467; baseline -0.007 -10"><span class='ocrx_word' id='word_1_292' title='bbox 104 2408 255 2458; x_wconf 87' lang='lat' dir='ltr'>cleros</span> <span class='ocrx_word' id='word_1_293' title='bbox 270 2407 318 2453; x_wconf 90' lang='lat' dir='ltr'>in</span> <span class='ocrx_word' id='word_1_294' title='bbox 329 2405 536 2460; x_wconf 86' lang='lat' dir='ltr'>civitate,</span> <span class='ocrx_word' id='word_1_295' title='bbox 552 2410 684 2450; x_wconf 82' lang='lat' dir='ltr'>extra</span> <span class='ocrx_word' id='word_1_296' title='bbox 697 2403 937 2449; x_wconf 89' lang='lat' dir='ltr'>civitatem</span> <span class='ocrx_word' id='word_1_297' title='bbox 957 2405 984 2450; x_wconf 81' lang='lat' dir='ltr'>e</span> <span class='ocrx_word' id='word_1_298' title='bbox 995 2408 1166 2452; x_wconf 90' lang='lat' dir='ltr'>contra</span> <span class='ocrx_word' id='word_1_299' title='bbox 1185 2403 1235 2449; x_wconf 91' lang='lat' dir='ltr'>in</span> <span class='ocrx_word' id='word_1_300' title='bbox 1242 2400 1485 2451; x_wconf 83' lang='lat' dir='ltr'>Parochiis</span> <span class='ocrx_word' id='word_1_301' title='bbox 1496 2396 1791 2467; x_wconf 76' lang='lat' dir='ltr'>PraeposituS.</span> <span class='ocrx_word' id='word_1_302' title='bbox 1859 2397 2079 2445; x_wconf 90' lang='lat' dir='ltr'>Decanus</span> <span class='ocrx_word' id='word_1_303' title='bbox 2097 2409 2189 2443; x_wconf 89' lang='lat' dir='ltr'>nec</span> <span class='ocrx_word' id='word_1_304' title='bbox 2214 2391 2307 2441; x_wconf 80' lang='lat' dir='ltr'>Ca·</span> 
     </span>
    </p>
   </div>
   <div class='ocr_carea' id='block_1_10' title="bbox 8 2466 1260 2543">
    <p class='ocr_par' dir='ltr' id='par_1_13' title="bbox 8 2466 1260 2543">
     <span class='ocr_line' id='line_1_34' title="bbox 8 2466 1260 2543; baseline -0.008 -17"><span class='ocrx_word' id='word_1_305' title='bbox 8 2474 10 2492; x_wconf 72' lang='lat'><strong>²</strong></span> <span class='ocrx_word' id='word_1_306' title='bbox 102 2474 301 2543; x_wconf 87' lang='lat' dir='ltr'>pitulum</span> <span class='ocrx_word' id='word_1_307' title='bbox 319 2487 418 2519; x_wconf 88' lang='lat' dir='ltr'>non</span> <span class='ocrx_word' id='word_1_308' title='bbox 435 2470 617 2535; x_wconf 85' lang='lat' dir='ltr'>poterit</span> <span class='ocrx_word' id='word_1_309' title='bbox 628 2484 851 2517; x_wconf 84' lang='lat' dir='ltr'>exercere</span> <span class='ocrx_word' id='word_1_310' title='bbox 861 2466 1260 2533; x_wconf 73' lang='lat' dir='ltr'>jurisdiffionem.</span> 
     </span>
    </p>
   </div>
   <div class='ocr_carea' id='block_1_11' title="bbox 275 2525 2310 2602">
    <p class='ocr_par' dir='ltr' id='par_1_14' title="bbox 275 2525 2310 2602">
     <span class='ocr_line' id='line_1_35' title="bbox 275 2525 2310 2602; baseline -0.006 -15"><span class='ocrx_word' id='word_1_311' title='bbox 275 2541 394 2588; x_wconf 87' lang='lat' dir='ltr'>Item</span> <span class='ocrx_word' id='word_1_312' title='bbox 410 2537 640 2587; x_wconf 86' lang='lat' dir='ltr'>Plebanus</span> <span class='ocrx_word' id='word_1_313' title='bbox 664 2536 757 2584; x_wconf 89' lang='lat' dir='ltr'>sme</span> <span class='ocrx_word' id='word_1_314' title='bbox 775 2536 958 2602; x_wconf 81' lang='lat' dir='ltr'>speciali</span> <span class='ocrx_word' id='word_1_315' title='bbox 975 2535 1195 2586; x_wconf 85' lang='lat' dir='ltr'>consensu</span> <span class='ocrx_word' id='word_1_316' title='bbox 1217 2532 1427 2602; x_wconf 83' lang='lat' dir='ltr'>Capituli</span> <span class='ocrx_word' id='word_1_317' title='bbox 1452 2549 1554 2585; x_wconf 91' lang='lat' dir='ltr'>non</span> <span class='ocrx_word' id='word_1_318' title='bbox 1578 2529 1738 2599; x_wconf 89' lang='lat' dir='ltr'>potest</span> <span class='ocrx_word' id='word_1_319' title='bbox 1758 2532 1966 2581; x_wconf 84' lang='lat' dir='ltr'>condere</span> <span class='ocrx_word' id='word_1_320' title='bbox 1987 2527 2156 2579; x_wconf 85' lang='lat' dir='ltr'>statuta</span> <span class='ocrx_word' id='word_1_321' title='bbox 2180 2561 2199 2588; x_wconf 87' lang='lat'>,</span> <span class='ocrx_word' id='word_1_322' title='bbox 2231 2525 2310 2576; x_wconf 86' lang='lat' dir='ltr'>seu</span> 
     </span>
    </p>
   </div>
   <div class='ocr_carea' id='block_1_12' title="bbox 10 2598 1064 2671">
    <p class='ocr_par' dir='ltr' id='par_1_15' title="bbox 10 2598 1064 2671">
     <span class='ocr_line' id='line_1_36' title="bbox 10 2598 1064 2671; baseline -0.004 -12"><span class='ocrx_word' id='word_1_323' title='bbox 10 2598 12 2642; x_wconf 49' lang='lat'>7</span> <span class='ocrx_word' id='word_1_324' title='bbox 106 2609 412 2660; x_wconf 86' lang='lat' dir='ltr'>beneficiatos</span> <span class='ocrx_word' id='word_1_325' title='bbox 436 2606 617 2671; x_wconf 83' lang='lat' dir='ltr'>privare</span> <span class='ocrx_word' id='word_1_326' title='bbox 638 2604 894 2652; x_wconf 86' lang='lat' dir='ltr'>beneficiis.</span> <span class='ocrx_word' id='word_1_327' title='bbox 930 2605 965 2654; x_wconf 89' lang='lat' dir='ltr'>f.</span> <span class='ocrx_word' id='word_1_328' title='bbox 981 2620 1064 2667; x_wconf 74' lang='lat'>73.</span> 
     </span>
    </p>
   </div>
   <div class='ocr_carea' id='block_1_13' title="bbox 12 2661 2314 3147">
    <p class='ocr_par' dir='ltr' id='par_1_16' title="bbox 12 2661 2314 2938">
     <span class='ocr_line' id='line_1_37' title="bbox 12 2661 2311 2737; baseline -0.005 -16"><span class='ocrx_word' id='word_1_329' title='bbox 12 2715 14 2721; x_wconf 81' lang='grc'>,</span> <span class='ocrx_word' id='word_1_330' title='bbox 275 2672 478 2724; x_wconf 88' lang='lat' dir='ltr'>Ecclefia</span> <span class='ocrx_word' id='word_1_331' title='bbox 498 2673 642 2720; x_wconf 89' lang='lat' dir='ltr'>habet</span> <span class='ocrx_word' id='word_1_332' title='bbox 662 2673 838 2719; x_wconf 86' lang='lat' dir='ltr'>reditus</span> <span class='ocrx_word' id='word_1_333' title='bbox 860 2674 997 2723; x_wconf 80' lang='lat' dir='ltr'>unius</span> <span class='ocrx_word' id='word_1_334' title='bbox 1021 2674 1129 2724; x_wconf 86' lang='lat' dir='ltr'>anni</span> <span class='ocrx_word' id='word_1_335' title='bbox 1147 2669 1383 2737; x_wconf 83' lang='lat' dir='ltr'>majorum</span> <span class='ocrx_word' id='word_1_336' title='bbox 1402 2669 1766 2719; x_wconf 81' lang='lat' dir='ltr'>Praebendarum</span> <span class='ocrx_word' id='word_1_337' title='bbox 1787 2665 1818 2715; x_wconf 90' lang='lat' dir='ltr'>s.</span> <span class='ocrx_word' id='word_1_338' title='bbox 1842 2680 1929 2731; x_wconf 88' lang='lat' dir='ltr'>per</span> <span class='ocrx_word' id='word_1_339' title='bbox 1945 2671 2154 2712; x_wconf 90' lang='lat' dir='ltr'>mortem</span> <span class='ocrx_word' id='word_1_340' title='bbox 2174 2661 2203 2710; x_wconf 77' lang='lat' dir='ltr'>ss</span> <span class='ocrx_word' id='word_1_341' title='bbox 2225 2674 2311 2727; x_wconf 86' lang='lat' dir='ltr'>per</span> 
     </span>
     <span class='ocr_line' id='line_1_38' title="bbox 12 2726 2313 2810; baseline -0.008 -15"><span class='ocrx_word' id='word_1_342' title='bbox 12 2726 15 2810; x_wconf 66' lang='lat'>&#39;3</span> <span class='ocrx_word' id='word_1_343' title='bbox 109 2744 487 2809; x_wconf 73' lang='lat' dir='ltr'>resignationem,</span> <span class='ocrx_word' id='word_1_344' title='bbox 501 2741 916 2805; x_wconf 85' lang='lat' dir='ltr'>permutationem,</span> <span class='ocrx_word' id='word_1_345' title='bbox 936 2741 1271 2804; x_wconf 82' lang='lat' dir='ltr'>privationem,</span> <span class='ocrx_word' id='word_1_346' title='bbox 1283 2736 1363 2788; x_wconf 89' lang='lat' dir='ltr'>vel</span> <span class='ocrx_word' id='word_1_347' title='bbox 1385 2736 1477 2786; x_wconf 91' lang='lat' dir='ltr'>alio</span> <span class='ocrx_word' id='word_1_348' title='bbox 1494 2738 1646 2785; x_wconf 90' lang='lat' dir='ltr'>modo</span> <span class='ocrx_word' id='word_1_349' title='bbox 1664 2749 1834 2785; x_wconf 85' lang='lat' dir='ltr'>vacare</span> <span class='ocrx_word' id='word_1_350' title='bbox 1860 2732 2155 2797; x_wconf 81' lang='lat' dir='ltr'>contigerit3</span> <span class='ocrx_word' id='word_1_351' title='bbox 2186 2730 2243 2777; x_wconf 90' lang='lat' dir='ltr'>Et</span> <span class='ocrx_word' id='word_1_352' title='bbox 2262 2727 2313 2776; x_wconf 78' lang='lat' dir='ltr'>hi</span> 
     </span>
     <span class='ocr_line' id='line_1_39' title="bbox 111 2796 2314 2875; baseline -0.007 -14"><span class='ocrx_word' id='word_1_353' title='bbox 111 2815 286 2861; x_wconf 85' lang='lat' dir='ltr'>reditus</span> <span class='ocrx_word' id='word_1_354' title='bbox 300 2826 388 2875; x_wconf 86' lang='lat' dir='ltr'>pro</span> <span class='ocrx_word' id='word_1_355' title='bbox 402 2808 657 2865; x_wconf 89' lang='lat' dir='ltr'>causarum,</span> <span class='ocrx_word' id='word_1_356' title='bbox 668 2806 1037 2872; x_wconf 80' lang='lat' dir='ltr'>privilegiorum,</span> <span class='ocrx_word' id='word_1_357' title='bbox 1049 2807 1337 2866; x_wconf 88' lang='lat' dir='ltr'>libertatum,</span> <span class='ocrx_word' id='word_1_358' title='bbox 1350 2812 1730 2871; x_wconf 69' lang='lat' dir='ltr'>caeterorumque</span> <span class='ocrx_word' id='word_1_359' title='bbox 1748 2800 1921 2868; x_wconf 78' lang='lat' dir='ltr'>jurium</span> <span class='ocrx_word' id='word_1_360' title='bbox 1944 2799 2133 2851; x_wconf 84' lang='lat' dir='ltr'>suorum</span> <span class='ocrx_word' id='word_1_361' title='bbox 2154 2796 2314 2849; x_wconf 68' lang='lat' dir='ltr'>defen«</span> 
     </span>
     <span class='ocr_line' id='line_1_40' title="bbox 112 2874 1256 2938; baseline -0.007 -11"><span class='ocrx_word' id='word_1_362' title='bbox 112 2879 234 2930; x_wconf 79' lang='lat' dir='ltr'>{ione</span> <span class='ocrx_word' id='word_1_363' title='bbox 247 2879 295 2928; x_wconf 87' lang='lat'>&amp;</span> <span class='ocrx_word' id='word_1_364' title='bbox 307 2877 665 2927; x_wconf 89' lang='lat' dir='ltr'>conservatione</span> <span class='ocrx_word' id='word_1_365' title='bbox 679 2874 927 2933; x_wconf 80' lang='lat' dir='ltr'>debentur,</span> <span class='ocrx_word' id='word_1_366' title='bbox 945 2875 979 2926; x_wconf 79' lang='lat' dir='ltr'>fi</span> <span class='ocrx_word' id='word_1_367' title='bbox 991 2888 1019 2938; x_wconf 83' lang='lat'><strong>7</strong></span> <span class='ocrx_word' id='word_1_368' title='bbox 1032 2890 1072 2938; x_wconf 88' lang='lat'>3.</span> <span class='ocrx_word' id='word_1_369' title='bbox 1085 2877 1134 2925; x_wconf 88' lang='lat' dir='ltr'>in</span> <span class='ocrx_word' id='word_1_370' title='bbox 1145 2875 1256 2924; x_wconf 86' lang='lat' dir='ltr'>fine.</span> 
     </span>
    </p>

    <p class='ocr_par' dir='ltr' id='par_1_17' title="bbox 280 2936 2048 3011">
     <span class='ocr_line' id='line_1_41' title="bbox 280 2936 2048 3011; baseline -0.005 -17"><span class='ocrx_word' id='word_1_371' title='bbox 280 2947 432 3011; x_wconf 87' lang='lat' dir='ltr'>Super</span> <span class='ocrx_word' id='word_1_372' title='bbox 443 2943 737 2991; x_wconf 87' lang='lat' dir='ltr'>fraternitate</span> <span class='ocrx_word' id='word_1_373' title='bbox 749 2941 1075 2994; x_wconf 86' lang='lat' dir='ltr'>Lubicenfium</span> <span class='ocrx_word' id='word_1_374' title='bbox 1086 2939 1572 3008; x_wconf 81' lang='lat' dir='ltr'>&amp;Hamburgenfium</span> <span class='ocrx_word' id='word_1_375' title='bbox 1580 2936 1907 2997; x_wconf 82' lang='lat' dir='ltr'>Ecclefiarum,</span> <span class='ocrx_word' id='word_1_376' title='bbox 1919 2937 1953 2987; x_wconf 86' lang='lat' dir='ltr'>f.</span> <span class='ocrx_word' id='word_1_377' title='bbox 1966 2949 1994 3000; x_wconf 87' lang='lat'>7</span> <span class='ocrx_word' id='word_1_378' title='bbox 2006 2948 2048 2997; x_wconf 77' lang='grc' dir='ltr'>ς’.</span> 
     </span>
    </p>

    <p class='ocr_par' dir='ltr' id='par_1_18' title="bbox 282 3009 1017 3077">
     <span class='ocr_line' id='line_1_42' title="bbox 282 3009 1017 3077; baseline -0.001 -17"><span class='ocrx_word' id='word_1_379' title='bbox 282 3013 432 3077; x_wconf 88' lang='lat' dir='ltr'>Super</span> <span class='ocrx_word' id='word_1_380' title='bbox 443 3011 683 3059; x_wconf 86' lang='lat' dir='ltr'>memoriis</span> <span class='ocrx_word' id='word_1_381' title='bbox 697 3010 876 3069; x_wconf 85' lang='lat' dir='ltr'>dandis,</span> <span class='ocrx_word' id='word_1_382' title='bbox 889 3009 922 3058; x_wconf 90' lang='lat' dir='ltr'>f.</span> <span class='ocrx_word' id='word_1_383' title='bbox 935 3012 1017 3074; x_wconf 84' lang='lat'>76.</span> 
     </span>
    </p>

    <p class='ocr_par' dir='ltr' id='par_1_19' title="bbox 282 3069 2314 3147">
     <span class='ocr_line' id='line_1_43' title="bbox 282 3069 2314 3147; baseline -0.008 -18"><span class='ocrx_word' id='word_1_384' title='bbox 282 3076 440 3143; x_wconf 87' lang='lat' dir='ltr'>Major</span> <span class='ocrx_word' id='word_1_385' title='bbox 452 3078 782 3131; x_wconf 81' lang='lat' dir='ltr'>Praebendatus</span> <span class='ocrx_word' id='word_1_386' title='bbox 805 3092 1086 3147; x_wconf 81' lang='lat' dir='ltr'>quacunque</span> <span class='ocrx_word' id='word_1_387' title='bbox 1108 3080 1293 3134; x_wconf 86' lang='lat' dir='ltr'>ratione</span> <span class='ocrx_word' id='word_1_388' title='bbox 1312 3076 1547 3144; x_wconf 85' lang='lat' dir='ltr'>majorem</span> <span class='ocrx_word' id='word_1_389' title='bbox 1556 3076 1862 3128; x_wconf 87' lang='lat' dir='ltr'>Praebendam</span> <span class='ocrx_word' id='word_1_390' title='bbox 1885 3069 2161 3121; x_wconf 80' lang='lat' dir='ltr'>consecutus</span> <span class='ocrx_word' id='word_1_391' title='bbox 2182 3072 2314 3116; x_wconf 73' lang='lat' dir='ltr'>tene-</span> 
     </span>
    </p>
   </div>
   <div class='ocr_carea' id='block_1_14' title="bbox 1302 3141 2310 3215">
    <p class='ocr_par' dir='ltr' id='par_1_20' title="bbox 1302 3141 2310 3215">
     <span class='ocr_line' id='line_1_44' title="bbox 1302 3141 2310 3215; baseline -0.008 0"><span class='ocrx_word' id='word_1_392' title='bbox 1302 3145 1559 3215; x_wconf 70' lang='lat' dir='ltr'>52f&gt;1&gt;b2</span> <span class='ocrx_word' id='word_1_393' title='bbox 2233 3141 2310 3186; x_wconf 56' lang='grc' dir='ltr'>*Ψ</span> 
     </span>
    </p>
   </div>
  </div>
 </body>
</html>
