2498 3401
100 221 621 299 zCapmeiteffieiragk.
725 260 727 262 ψ
900 222 903 223 ’
1061 220 1430 272 Βεηεάῑᾶῐηυτη.
1812 281 1817 285 ⁴
2050 286 2053 289 .
2122 234 2225 284 3¹57
2298 242 2302 247 .

34 333 178 413 vulgo
190 344 412 410 persuasit,
424 323 626 406 aliisque,
640 341 794 390 obiter
805 339 961 389 saltem
973 339 1017 388 in
1025 339 1051 386 s
1041 339 1331 403 picientibuS‚
1345 334 1645 385 Benedietum
1658 335 1940 391 Pontificem
1956 335 2048 385 illic
2068 336 2221 403 sepul--

34 429 134 466 tum
147 411 236 463 esse
247 423 324 463 aut
335 409 947 474 fuisse,‘u2bi3monumentum
961 408 1184 471 surgebat,
1198 405 1327 472 quod
1342 404 1466 453 secus
1481 401 1560 451 est.

199 496 303 544 Nec
325 498 689 542 monumentum
711 490 818 539 illud
831 492 1007 553 exiguae
1020 489 1155 538 molis
1168 486 1296 536 fuisse
1309 488 1526 543 arbitror,
1538 487 1666 550 quod
1681 487 1885 535 Crantzii
1909 483 2057 535 seculo
2078 487 2221 536 vide--

33 570 144 613 runt
155 560 547 620 adhuchomineS‚
561 558 609 607 ὃ(
622 575 674 607 ea
696 557 788 608 sola
808 559 937 607 causa
959 559 985 606 a
1008 558 1168 622 templi
1184 556 1485 605 Curatoribus
1507 553 1741 602 sublatum
1759 555 1979 617 deinceps
1998 554 2218 612 arbitror,

32 631 158 696 quod
173 640 390 691 tanquam
412 627 574 675 inutile
593 627 794 692 pondus,
807 638 887 675 aut
906 625 1104 674 nimium
1125 624 1419 676 incumberet
1434 618 1530 684 jam
1554 621 1822 680 fornicibuS,
1835 620 2000 686 quibus
2022 620 2096 670 vel
2118 620 2213 670 sola

31 695 228 750 vetustas
240 696 433 744 morbus
445 693 493 743 ὃς
508 694 673 744 vitium
685 692 763 750 est,
776 701 831 743 ut
845 706 1057 743 ventrem
1070 693 1221 740 facere
1233 690 1452 754 incipiant
1466 686 1513 737 ὅ(
1525 696 1703 738 nutare.

81 814 83 818 ‚
170 804 175 818 ·-
197 779 306 827 Hoc
319 779 458 844 igitur
471 792 618 826 onere
630 777 912 827 testudinem
925 775 1077 826 lavare
1090 775 1322 831 volenteS,
1333 773 1408 823 vel
1423 773 1552 839 quod
1567 786 1683 838 opus
1697 767 1944 837 ipsumjam
1961 769 2035 816 sua
2050 765 2226 830 sponte*

31 846 240 911 coepisset
252 844 396 903 hiare,
411 845 458 894 ὃ(
471 844 656 905 collabi,
671 846 956 903 eminentem
972 844 1099 893 illum
1112 845 1460 907 Sacrophagum
1473 839 1938 903 abdicarunt,aliquot
1951 835 2050 912 post
2064 835 2216 882 Cran-

30 917 106 963 tzii
121 913 352 963 excessum
365 913 515 970 annis,
540 910 587 960 δι
601 912 743 962 breve
755 911 864 959 illud
878 928 931 960 ac
944 911 1195 966 levidense,
1219 911 1344 976 quod
1359 923 1488 957 nunc
1503 907 1784 973 conspcitur,
1804 907 1851 954 in
1873 916 2041 955 veteris
2054 901 2215 970 locum

29 987 706 1034 accuraruntmonumentum,
730 993 839 1027 cum
853 979 1155 1043 Inscriptione
1177 978 1258 1026 alia
1273 1008 1287 1031 ‚
1309 992 1450 1042 quam
1473 977 1602 1034 olim,
1625 977 1687 1025 ita
1700 988 1872 1030 tamen,
1896 983 2137 1020 utannum
2164 965 2215 1016 ὅτ.

32 1049 161 1097 diem
182 1063 240 1097 ex
266 1048 424 1111 priore
444 1047 716 1100 retinerent,
741 1045 918 1110 reliqua
940 1046 1015 1095 vel
1038 1048 1311 1094 omitterent
1334 1043 1407 1093 vel
1432 1055 1682 1092 mutarent.
1754 1042 1901 1107 Qod
1916 1053 2019 1087 eam
2031 1037 2094 1084 ob
2108 1050 2216 1083 cau-

31 1115 125 1163 sam
139 1112 526 1170 maximesacstum
539 1113 756 1165 arbitror,
779 1113 1001 1176 quoniam
1015 1112 1295 1160 hodiernum
1311 1111 1438 1177 quod
1452 1110 1984 1163 exstatmonumentum
1998 1105 2044 1152 in
2060 1118 2134 1151 eas
2148 1101 2217 1180 est

28 1181 258 1245 angustias
274 1178 512 1227 'redad‘tum
524 1195 538 1223 ε
573 1185 628 1227 ut
640 1177 713 1227 illa
727 1180 885 1238 omnia
897 1180 1021 1227 haud
1036 1179 1278 1243 potuerint
1299 1180 1343 1226 in
1369 1179 1563 1226 circuitu
1586 1179 1740 1235 scribi,
1766 1190 1867 1240 quae
1888 1177 1932 1222 in
1944 1206 1945 1209 =
1957 1172 2214 1238 praegrandi

27 1247 183 1311 lapide
196 1245 272 1296 vel
285 1244 543 1299 marmore,
574 1247 702 1310 quod
711 1246 1013 1310 Sacrophago
1025 1247 1248 1293 eminenti
1262 1244 1500 1301 incubuit,
1523 1245 1696 1305 sculpta
1719 1246 1834 1293 vidit
1855 1240 2102 1291 Crantzius
2125 1238 2215 1285 fuit

31 1314 161 1363 enim
173 1326 289 1362 tunc
300 1314 444 1361 moris
456 1313 502 1361 in
515 1313 666 1361 media
676 1328 779 1361 area
791 1311 993 1377 effigiem
1015 1313 1121 1361 defu
1129 1310 1235 1370 nffl,
1256 1310 1376 1360 exsta
1384 1313 1670 1360 nti-maxime
1692 1311 1913 1359 coelatura
1927 1309 2214 1357 elaboratam

30 1380 80 1431 δι
103 1379 365 1444 elegantem
389 1395 585 1445 ponere,
609 1381 840 1444 margines
856 1380 1062 1443 lapidum
1076 1379 1215 1428 literis
1231 1379 1440 1446 implere,
1466 1381 1593 1444 quod
1607 1394 1772 1443 capere
1787 1376 1985 1441 possent.
2031 1413 2034 1417 .
2053 1378 2214 1438 Atque

29 1449 119 1498 hac
131 1450 310 1497 ratione
321 1462 511 1514 quoque
523 1448 646 1512 prius
661 1445 892 1511 Benediffi
908 1454 1275 1496 monumentum
1291 1446 1574 1497 exstructum
1588 1447 1716 1495 suisse
1736 1444 1889 1504 nullus
1910 1443 2100 1490 dubito:
2134 1439 2215 1489 niti

29 1515 212 1582 placeat
224 1515 362 1564 etiam
375 1515 518 1563 altera
532 1516 699 1570 forma,
725 1530 864 1581 quam
886 1516 1172 1579 frequenter,
1196 1516 1443 1579 praesertim
1465 1516 1513 1562 in
1537 1513 1856 1563 illustrioribus
1872 1508 2214 1566 monumentis,

29 1580 180 1648 priora
195 1582 342 1631 secula
356 1582 694 1632 consueverant
705 1584 949 1639 adhibere,
971 1583 1201 1631 utiamina
1212 1585 1308 1632 aeris
1328 1582 1567 1633 flaviotam
1590 1582 1746 1647 lapidis
1762 1578 2049 1645 superficiem
2064 1577 2214 1651 obdu·

30 1661 204 1702 cerent,
216 1649 384 1714 :illique
396 1651 635 1700 demortui
651 1648 856 1714 effigiem
870 1651 1142 1703 inciderent,
1165 1649 1582 1717 &suscriptionem
1594 1651 1769 1698 circum
1783 1649 2009 1696 adderent
2029 1660 2045 1705 3
2079 1657 2214 1707 cujus·

29 1717 214 1780 generis
227 1715 469 1780 supersunt
483 1717 636 1764 adhuc
657 1717 703 1764 in
724 1717 889 1775 nostris
913 1717 1113 1765 Ecclefiis
1136 1719 1346 1779 quaedam
1361 1749 1375 1771 ,
1395 1718 1470 1765 sed
1492 1719 1677 1772 rariora,
1697 1717 1815 1765 inter
1828 1729 1928 1779 quae
1940 1712 2214 1774 Principum

30 1782 574 1846 Schowenburgensium
590 1784 634 1830 in
651 1784 831 1847 templo
845 1785 1109 1832 Cathedrali
1138 1797 1500 1832 monumentum
1515 1785 1666 1831 adhuc
1688 1781 1943 1845 spetiatur,
1977 1780 2051 1827 sed
2074 1777 2215 1826 valde

32 1849 258 1897 detritum
273 1847 320 1896 ὅ(
335 1849 521 1896 exesum
536 1865 552 1909 3
591 1849 694 1913 quia
709 1865 805 1897 non
819 1849 1007 1914 possunt
1023 1856 1210 1898 aetatem
1224 1851 1344 1898 ferre
1359 1847 1606 1913 ejusmodi,
1631 1861 1681 1896 ut
1693 1849 1781 1906 illa,
1809 1848 1974 1913 q‘uaexin-
1992 1859 2127 1894 mero
2146 1845 2213 1892 la·

30 1915 141 1980 pide
160 1914 235 1963 vel
249 1930 486 1966 marmore
506 1917 779 1964 coelaturam
806 1918 1086 1980 profundam
1107 1917 1406 1982 acceperunt.
1475 1918 1606 1965 Licet
1621 1917 1748 1964 enim
1774 1916 2034 1963 eminentes
2045 1913 2213 1961 Sarco-

14 1982 173 2046 .phagi
186 1980 234 2030 ὄε
246 1981 411 2029 tumuli
424 1981 487 2029 isti
503 1997 604 2030 eam
626 1983 686 2029 ob
699 1982 980 2047 causamprae
994 1987 1166 2031 caeteris
1183 1984 1445 2047 vulgaribus
1461 1985 1503 2031 in
1517 1984 1662 2032 altum
1677 1983 1919 2042 tollantur,
1938 1995 1999 2029 ne
2011 1981 2211 2044 pedibus

32 2048 441 2097 obambulantium
455 2049 965 2113 deterantur-imagines
981 2049 1179 2098 &literae
1202 2052 1446 2114 inscriptae,
1467 2049 1515 2099 ὅ(
1533 2051 1758 2098 memoria
1782 2060 1942 2113 pereat
1965 2065 1979 2094 ι
2012 2048 2228 2097 vetustas⁴
2307 2046 2315 2049 Α

32 2122 193 2164 tamen
208 2127 448 2180 auterugo
460 2114 1125 2181 exedit&c0rrumpit1enfim
1149 2119 1304 2165 omnia
1328 2119 1407 2165 nili
1431 2119 1512 2166 lint
1532 2117 1667 2166 valde
1688 2117 1850 2174 solida,
1880 2114 1929 2164 ὅ(
1958 2129 2050 2163 aere
2078 2115 2213 2164 omni

32 2183 343 2246 perenniora3
370 2184 495 2247 quoti
510 2180 737 2245 ejusmodi
751 2183 926 2247 lapides
941 2199 1203 2249 eorumque
1215 2185 1455 2249 sculpturae
1470 2186 1647 2233 idoneae
1661 2185 1804 2249 magis
1817 2182 2044 2247 praestant,
2067 2199 2214 2248 quam
2262 2207 2264 2209 ·

31 2248 122 2297 levi
136 2251 325 2297 brachio
341 2249 788 2313 laminis&metallis
803 2251 954 2300 incisa.
1025 2252 1161 2300 Unde
1183 2251 1431 2301 observare
1452 2252 1586 2310 licet,
1614 2253 1753 2301 etiam
1766 2251 1891 2314 illud,
1919 2252 2048 2316 quod
2069 2252 2213 2301 bodi-e

31 2330 158 2365 nunc
177 2315 320 2363 exstat
334 2315 572 2365 Benedicti
590 2322 903 2370 monumentfi
917 2319 1162 2368 lateritium
1177 2318 1353 2384 figulini
1367 2322 1535 2384 operis,
1550 2321 1605 2367 ad
1623 2320 1852 2384 margines
1867 2318 2091 2383 imprimis
2103 2333 2212 2367 mu-

0 2427 1 2431 ,
32 2381 159 2431 tilem
175 2381 288 2438 esse,
314 2380 361 2431 &
376 2384 422 2430 in
436 2384 620 2431 frustula
632 2382 810 2433 diffilire
833 2387 906 2435 vel
929 2388 1125 2452 pedibus
1138 2388 1408 2451 frequenter
1421 2388 1698 2438 vifitantium
1719 2387 1833 2446 laesa,
1867 2386 2084 2438 velaetate
2095 2385 2214 2436 defi·

3 2459 4 2462 ’
33 2450 212 2504 olentia,
239 2448 529 2523 inliteratum
546 2439 910 2523 &inscriptionis
933 2452 1231 2503 certissimum
1245 2457 1600 2507 detrimentum.

6 2575 7 2578 ,
81 2580 83 2583 ,
207 2531 321 2581 Haee
333 2532 488 2586 habui,
513 2548 612 2599 quae
626 2534 682 2582 de
696 2549 1011 2584 monumento
1024 2538 1257 2588 Benedicti
1279 2541 1445 2606 Qinti
1467 2539 1706 2589 Pontificis
1720 2539 1821 2588 Vos
1843 2537 2029 2603 publice
2046 2540 2213 2587 mone-³

7 2652 9 2671 ζ
36 2613 133 2649 rem
146 2598 384 2653 benevoli,
423 2613 661 2665 quotquot
674 2602 771 2650 estis
785 2604 957 2653 accessu
966 2607 1016 2659 ri,
1038 2604 1276 2657 Leflores,
1345 2608 1469 2656 Nihil
1484 2607 1607 2658 volui
1623 2609 1848 2672 derogare
1861 2605 2214 2670 velantiquitati

8 2721 10 2740 ἵ
37 2666 113 2743 yel
135 2666 225 2714 fam
304 2675 530 2730 quantum
545 2669 687 2723 licuit,
710 2671 1199 2723 veritatesalva&sana
1215 2676 1411 2723 ratione.
1484 2677 1623 2725 Haud
1636 2677 1809 2724 nescius
1833 2675 1947 2731 sum,
1969 2678 2216 2724 veritatem

9 2741 12 2806 ᾗ
35 2733 163 2810 iri-his
359 2750 538 2799 parere,
563 2734 611 2784 ὅ(
626 2737 858 2800 quoslibet
870 2740 993 2788 cives
1008 2741 1219 2805 praeclare
1233 2744 1291 2792 de
1304 2744 1327 2790 s
1321 2746 1385 2791 uis
1399 2744 1535 2793 rebus
1551 2742 1654 2792 ficta
1669 2743 1828 2807 pronis
1843 2743 2028 2790 auribus
2050 2756 2104 2789 ac
2116 2741 2211 2789 ani-

11 2833 13 2869 3
38 2805 123 2876 mis
136 2800 380 2849 admittere
393 2801 546 2855 malle,
570 2804 894 2867 quamfincere
911 2806 1094 2872 scripta:
1131 2813 1256 2874 quod
1282 2827 1364 2873 per
1387 2827 1462 2859 me
1485 2812 1615 2868 licet,
1645 2813 1792 2859 modo
1806 2810 1963 2868 sciant,
1986 2808 2213 2873 figmenta

39 2864 139 2914 talia
150 2869 316 2916 habere
328 2868 496 2934 aliquid
521 2884 580 2918 ex
593 2886 638 2919 m
646 2871 749 2918 orsu
763 2872 1036 2933 Tarantulae,
1061 2878 1137 2942 qui
1152 2879 1331 2927 medios
1347 2879 1468 2927 inter
1479 2877 1660 2947 plausus
1678 2877 1724 2928 ὅ(
1735 2878 1935 2945 tripudia
1947 2878 2025 2931 vel
2033 2876 2212 2927 somnia

14 2966 16 3015 5
39 2931 156 2988 bene
167 2934 325 3002 frigida
340 2934 388 2992 ὅ(
407 2939 644 3005 diuturna,
661 2938 736 2993 vel
748 2954 915 2995 necem
925 2942 1067 3010 ipsam
1087 2947 1224 2996 nobis
1243 2947 1469 3005 immittit.
1511 2946 1693 3003 Valete,
2026 2938 2032 2946 ’

981 3093 1122 3188 2221)
1177 3121 1212 3192 3
2072 3094 2212 3176 §Die
