2498 3401
192 163 286 227 196
988 153 1042 200 ΙΙ.
1076 152 1187 202 Vita
1221 152 1263 202 S.
1290 153 1551 207 Anscharii,
1846 217 1847 220 Ἴ
2094 150 2319 200 2Per'iod.

492 269 661 319 Sideris
685 267 859 315 indicio
883 264 961 330 qui
986 264 1120 311 duxit
1143 266 1200 312 ab
1225 268 1343 314 orbe
1365 280 1557 316 remoto

493 337 678 386 Gentes
699 336 758 384 ad
779 332 949 383 Christi
976 332 1176 397 praesepe
1209 332 1445 383 refulserat
1475 336 1595 389 orbi,

498 403 707 470 Egressus
731 402 896 465 tropici
919 403 976 448 de
1006 398 1174 471 finibus
1195 399 1511 464 AEgocerotis‚
1533 405 1590 465 4)

497 472 784 522 Phoebus.ad
809 467 1087 518 imbrifluam
1110 482 1301 515 currum
1320 478 1588 532 raptaverat
1609 485 1794 530 urnam,

369 557 445 594 10.
496 539 794 603 Instabatque
815 539 911 586 dies
936 543 1185 599 Hypapante
1204 536 1253 596 ς)
1268 535 1415 583 dietus
1440 537 1670 596 ArchiviS,

495 608 649 672 Festus
671 607 720 656 in
747 603 940 655 Ecclesia
963 620 1048 669 pro
1070 614 1203 668 partu
1237 602 1528 667 virginitatis,

492 678 608 740 Quo
628 691 787 725 coram
811 673 1020 723 Domino
1047 674 1248 720 verbum
1273 671 1411 736 patris
1435 671 1613 719 innuba
1635 671 1772 738 virgo

495 744 657 793 Intulit
679 745 726 792 in
747 740 982 807 templum
1006 739 1237 789 velamine
1258 739 1406 788 carnis
1430 751 1669 803 opertum,

500 813 768 862 Observans
796 813 846 872 6)
867 810 1039 873 legem,
1062 823 1170 856 cum
1194 807 1253 854 nil
1276 808 1470 855 deberet
1488 808 1683 869 eidem3

371 895 445 943 15.
499 881 619 946 Qae
645 893 743 926 non
766 878 816 925 in
841 890 974 942 partu
999 874 1210 923 muliebri
1235 874 1383 921 tabuit
1403 872 1526 932 aEtu,

495 945 833 1011 Concipiendo
853 944 1042 1009 quidem
1065 957 1165 989 non
1196 942 1398 1006 perdidit
1430 941 1766 1006 integritatem.

499 1015 608 1062 Hoc
630 1016 676 1061 in
701 1013 897 1061 solemni
920 1011 1113 1075 cupiens
1135 1011 1286 1057 homo
1310 1023 1513 1074 corpore
1534 1008 1645 1058 solvi

489 1081 703 1139 SanetuS,
724 1093 774 1128 ut
793 1082 848 1127 ad
878 1080 1137 1129 Dominum
1159 1078 1436 1139 procederet
1456 1079 1502 1125 in
1524 1076 1799 1142 paradisum,

493 1150 597 1198 Lux
618 1149 695 1196 ubi
715 1149 879 1197 laetitiae
889 1145 988 1211 jam
1013 1147 1231 1213 proxima
1261 1146 1407 1209 coepit
1426 1145 1595 1205 adesse,

360 1232 441 1271 20,
492 1217 778 1281 Pauperibus
801 1215 971 1265 Christi
996 1215 1184 1278 pariter,
1212 1212 1435 1276 cleroque
1460 1212 1607 1274 parari

487 1284 727 1333 Solemnes
747 1282 903 1346 epulas
925 1282 1050 1334 fecit,
1063 1278 1191 1343 jussit
1215 1290 1404 1344 quoque
1426 1291 1600 1336 ternas,

488 1351 723 1402 Candelas
746 1349 843 1398 fieri
866 1349 941 1397 sibi
967 1349 1025 1397 de
1047 1364 1150 1397 cera
1184 1348 1380 1412 speciali.

492 1420 705 1469 Accendi
728 1419 924 1481 primam
949 1431 1145 1481 quarum
1170 1415 1390 1479 praecepit
1411 1413 1467 1460 ad
1487 1418 1624 1460 Aram

495 1491 697 1549 Virginis,
720 1498 903 1534 aeternae
923 1486 1110 1550 peperit⁴
1126 1497 1227 1547 quae
1251 1483 1421 1548 gaudia
1444 1481 1566 1538 vitae,

357 1570 437 1619 25.
494 1557 615 1622 Qae
641 1555 891 1603 reserando
913 1556 968 1614 7)
1007 1551 1169 1617 polum
1191 1552 1357 1598 mortis
1384 1547 1612 1598 conclusit
1642 1547 1870 1615 abyssum}

487 1623 624 1670 Stella
639 1622 782 1669 Maria
805 1622 969 1679 maris,
1008 1631 1156 1666 mater
1175 1614 1252 1679 jus
1274 1633 1417 1665 omne
1449 1616 1670 1669 tenentis.

486 1692 582 1756 Q
605 1689 710 1738 coeli
734 1701 917 1754 portam
941 1688 1103 1750 pandis
1124 1686 1204 1733 tibi
1227 1691 1355 1737 Petre
1375 1685 1625 1732 secundam

484 1759 691 1814 Obtulit,
714 1760 769 1803 ad
796 1756 984 1804 Domini
1008 1755 1244 1816 Baptistam
1271 1753 1402 1801 tertia
1424 1749 1567 1799 cesfit.

483 1826 591 1873 Hoc
613 1838 709 1872 erat
732 1826 776 1872 in
802 1824 939 1876 votis,
976 1834 1027 1869 ut
1051 1836 1160 1869 eum
1182 1835 1267 1870 vos
1290 1820 1574 1885 susciperetis

358 1909 434 1957 30.
485 1890 715 1942 Edu&um
736 1892 864 1940 carni
885 1887 1126 1938 clarissima
1146 1887 1319 1937 lumina
1351 1887 1531 1940 mundi,

486 1964 540 2011 ln
567 1960 658 2008 visu
682 1961 920 2025 quondam
946 1972 1087 2022 quem
1105 1953 1274 2020 judicis
1295 1968 1404 2003 ante
1424 1951 1641 2002 tribunal.
1726 1983 1731 1986 -

486 2030 552 2078 Ut
563 2026 661 2093 jam
685 2028 955 2086 retulimus,
988 2023 1089 2073 solis
1111 2023 1300 2072 duxistis
1323 2025 1379 2071 ad
1402 2033 1549 2071 ortus·

1010 2121 1055 2170 C
1070 2136 1150 2168 ΑΡ.
1186 2118 1315 2169 CVI.

567 2207 673 2255 Urbs
700 2208 749 2269 ι’)
764 2207 844 2268 sibi
867 2219 962 2253 tota
982 2208 1103 2266 litat,
1120 2206 1351 2270 praegustat
1375 2202 1425 2249 <5
1444 2203 1543 2250 inde
1558 2212 1750 2268 perorat.

479 2293 536 2342 Et
550 2288 647 2356 jam
673 2289 876 2339 decoetis
909 2292 1011 2339 diro
1042 2291 1270 2355 languore
1290 2286 1521 2345 medullis,

478 2364 679 2409 Aruerat
703 2360 886 2424 penitus
907 2358 1027 2424 quasi
1049 2358 1162 2407 testa
1180 2356 1370 2407 solubile
1392 2370 1566 2420 corpus

484 2427 656 2476 Lurida
681 2427 968 2489 consumptis
991 2427 1219 2476 extabant
1239 2425 1454 2473 carnibus
1475 2422 1587 2479 offa,

357 2507 399 2556 5.
484 2496 656 2544 Nervis
679 2492 832 2544 vin&a
856 2496 911 2557 2)
937 2495 1041 2549 suis,
1066 2493 1116 2543 &
1137 2490 1307 2542 amisz'tu
1335 2491 1464 2554 pellis
1485 2501 1666 2555 operta.

482 2567 712 2613 Attamen
735 2564 781 2611 in
805 2562 997 2610 Domini
1019 2577 1151 2611 mens
1176 2562 1356 2624 integra
1379 2559 1515 2606 laude
1538 2559 1749 2625 vigebatg,

486 2631 674 2695 Spiritui
697 2645 812 2678 mox
834 2632 1045 2678 membra
1078 2630 1223 2684 senex?
1245 2628 1469 2675 moritura
1495 2627 1692 2687 dicabat,

484 2696 680 2762 Jamque
698 2699 773 2746 die
795 2699 996 2747 tenebris
1021 2696 1335 2747 inlucescente
1357 2695 1565 2752 remotis,

474 2763 625 2814 Multa
638 2765 940 2816 sacerdotum
965 2780 1133 2815 menus
1170 2766 1222 2828 3)
1255 2763 1533 2813 adventarat
1561 2762 1620 2811 ad
1653 2764 1836 2821 urbemi
2003 2802 2059 2825 f
2110 2763 2121 2817 j

798 2901 1017 2949 Lth'ones
1038 2902 1268 2950 variantes
1289 2916 1348 2946 ex
1362 2901 1476 2948 Astis
1495 2901 1760 2948 Sanfft'orum.

238 2982 293 3041 '43
326 2983 573 3098 A333gogealnogso'
679 2985 722 3041 5)
750 2984 967 3041 Hypapanti.
1025 2990 1029 2992 '
1086 2987 1135 3042 6)
1172 2984 1373 3031 observare,
1484 2984 1538 3037 7)'
1563 2982 1768 3029 reserando.
1888 2985 1928 3038 ι)
1955 2984 2065 3031 Urbe,
2119 3016 2123 3017 γ
2177 2987 2223 3041 2)
2252 2988 2387 3036 janua:

2094 2863 2098 2867 ,
2186 2834 2399 2888 100Pr04‘
2487 2838 2488 2859 ³
