2498 3401
155 265 256 306 210
810 249 812 251 ’
845 240 1085 296 Lambecii
1104 241 1249 291 Notae
1275 243 1325 292 in
1344 243 1661 293 Rembertum
2072 259 2102 291 2
2116 243 2300 293 Period.

158 324 2205 343 ΝΜ

150 381 250 429 „ut
263 364 434 428 vulgus
456 375 602 410 omne
622 360 828 409 caderet.
899 360 970 408 De
994 357 1131 425 stirpe
1152 371 1315 409 autem
1341 361 1469 427 regia
1491 376 1635 411 nemo
1658 362 1874 411 omnium
1899 373 2189 421 remaneret,
2202 371 2372 429 praetet

151 448 394 506 „puerum
409 445 559 479 unum
573 429 771 478 nomine
784 428 1035 478 Horicum.
2113 451 2119 455 .

322 504 446 549 Orico
457 496 666 564 juniore]
738 499 780 548 Is
805 496 869 546 est
882 497 1037 546 Ericus
1058 495 1111 543 11.
1137 495 1469 562 RegisSivardi
1483 495 1616 555 filius,
1629 499 1706 563 qui
1727 498 1858 564 quod
1883 514 2086 565 regnum
2108 498 2373 549 admodum
2440 513 2444 517 “

153 589 273 643 puer
294 569 396 638 post
415 568 621 636 parentis
641 566 704 615 lui
731 578 939 616 mortem
963 563 1225 630 accepisset,
1240 565 1387 631 vulgo
1408 566 1699 630 cognomine
1709 572 1849 613 Barno
1873 568 2024 618 didius
2046 568 2127 623 est.
2197 569 2374 617 ldeove

151 646 430 705 contempta
452 634 550 702 ejus
570 643 708 686 aetate
729 634 887 686 Ericus
907 635 940 688 1.
962 633 1353 684 HaraldiKlachii
1375 635 1519 684 frater
1537 649 1742 700 regnum
1766 638 2022 702 occupavit
2044 636 2092 687 ὅ(
2107 637 2375 702 aliquandiu

150 712 268 763 illud
281 708 510 765 obtinuit,
521 707 678 754 donec
691 719 864 769 nempe
876 707 921 753 in
935 702 1095 769 praelio
1108 711 1276 752 contra
1290 715 1517 769 nepotem
1531 718 1590 752 ex
1600 704 1741 751 fratre
1752 702 2081 755 Guthormum
2103 706 2277 756 occisus
2292 704 2370 754 est.
2425 740 2427 742 -

150 779 260 832 1³0st
273 774 404 840 cujus
418 788 624 824 mortem
645 774 802 823 Ericus
816 774 868 820 Il.
884 786 1135 838 paternum
1156 771 1338 830 solium,
1355 772 1595 838 perinique
1612 772 1669 819 ab
1691 786 1751 819 eo
1771 773 2113 839 interceptum,
2126 789 2373 841 recupera-

149 850 237 903 vit.
306 847 547 896 Caeterum
563 857 706 908 quam
722 840 955 907 principio
971 841 1128 889 Ericus
1141 840 1193 889 11.
1213 840 1484 890 Christiana:
1497 839 1708 906 religioni
1720 839 1863 890 fuerit
1876 840 2093 897 infensus,
2109 842 2158 892 ὅ(
2169 858 2377 909 quomo.

151 921 218 969 do
231 916 426 967 tandem
441 926 587 978 opera
601 913 642 959 S.
660 910 900 960 Anicharii
925 910 1017 975 iple
1037 924 1090 956 ea
1115 908 1253 958 fuerit
1274 910 1499 967 imbutus,
1511 909 1558 957 id
1581 908 1766 973 prolixe
1788 917 1948 959 narrat
1962 909 2184 961 Meurfius
2198 910 2372 961 Histor-

150 988 272 1038 Dan.
287 984 365 1035 lib.
384 998 423 1044 3.
441 982 485 1030 in
500 977 600 1045 ejus
623 979 734 1028 vita.
801 979 920 1027 Item
940 977 1371 1031 Adam.Brem.1ib,
1390 994 1428 1026 1.
1442 993 1543 1042 cap.
1559 982 1639 1034 28‘·

179 1069 182 1070 ’
322 1057 377 1098 Ut
389 1052 537 1098 Clocca
548 1049 779 1094 haberetur
790 1049 837 1093 in
847 1048 1041 1108 Ecclesia,
1056 1047 1277 1112 consensit]
1291 1048 1456 1094 “C-[occa
1471 1047 1767 1112 Campanam
1780 1046 1856 1095 hic
1871 1045 2070 1112 significa
2077 1057 2110 1095 t.
2178 1049 2378 1113 Anony-

149 1137 258 1175 mus
271 1122 318 1171 in
333 1120 430 1171 vita
445 1118 487 1166 S.
504 1116 748 1166 Remberti
763 1130 862 1180 cap.
880 1129 926 1177 7.
960 1115 1223 1164 Videbatur
1235 1117 1360 1165 enim
1373 1117 1526 1164 eidem
1543 1114 2154 1180 Procuratori,conspexisie
2166 1115 2378 1181 seipsum

151 1189 492 1251 „Rimbertum
508 1183 665 1233 sedisse
685 1184 731 1232 in
747 1182 926 1248 fastigio
940 1183 1147 1232 Oratorii
1159 1217 1173 1241 ‚
1197 1183 1472 1249 signumque
1487 1182 1691 1232 Ecclefiae
1713 1197 1878 1235 unum,
1891 1187 2021 1249 quod
2046 1191 2131 1231 nos
2146 1184 2376 1233 Cloccam

148 1270 438 1318 „vm-'amus’
452 1255 502 1301 in
515 1253 642 1303 coelo
655 1251 964 1318 apparuiffe‚a
978 1267 1072 1316 quo
1085 1251 1288 1317 ligamen
1305 1249 1498 1305 lineum,
1515 1250 1757 1307 utaffolet,
1771 1252 1817 1299 in
1836 1252 2036 1299 modum
2053 1251 2177 1299 funis
2200 1254 2376 1314 depen.

149 1329 331 1390 „deret
346 1338 498 1388 usque
512 1322 728 1386 adipsum
743 1320 1061 1374 Rimberrum,
1077 1335 1160 1387 per
1180 1322 1309 1385 quod
1332 1320 1425 1385 ipse
1449 1320 1574 1369 idem
1591 1320 1768 1384 {ignum
1786 1319 1988 1366 hilariter
2004 1318 2186 1366 traxisse
2197 1318 2244 1369 ὅ(
2259 1319 2376 1369 sono

149 1428 184 1455 ,‚
197 1393 297 1462 ejus
314 1392 517 1442 dulciter
530 1387 783 1453 deleQatus
796 1388 886 1438 effe
900 1389 1162 1436 videbatur.
1200 1389 1326 1437 Vide
1337 1385 1554 1436 Voffium
1576 1389 1634 1435 de
1649 1385 1772 1435 vitiis
1789 1387 2012 1435 (ermonis
2032 1385 2158 1436 lib.2.
2173 1403 2212 1437 c.
2230 1404 2246 1435 1
2258 1402 2305 1436 ο.

319 1462 508 1510 Nomine
525 1458 825 1519 Rimbertum]
896 1457 1164 1505 Rimbertus
1188 1457 1264 1505 hic
1276 1457 1388 1504 alius
1409 1455 1474 1503 est
1495 1455 1555 1503 ab
1575 1469 1635 1503 eo
1659 1455 1739 1519 qui
1761 1455 1907 1503 vitam
1932 1459 2054 1503 haime
2073 1455 2115 1502 S.
2131 1455 2382 1507 Auschari?

148 1530 338 1598 scripsit,
353 1529 401 1580 ὅ(
417 1527 647 1577 secundus
672 1526 758 1575 fuit
772 1525 1137 1589 Hamburgenfis
1151 1523 1561 1588 Archiepiscopus.
1631 1523 1872 1572 Caetetum
1895 1538 1998 1588 quae
2019 1523 2162 1587 paulo
2188 1523 2291 1589 post
2313 1524 2376 1573 Ie-

149 1608 392 1668 quunturz
426 1599 594 1644 Divina
615 1595 737 1659 apud
749 1610 817 1641 eor
829 1595 1040 1654 mysteria,
1052 1594 1267 1653 largiente
1279 1594 1480 1650 Domino,
1492 1592 1619 1639 libere
1637 1589 1868 1640 hassenus
1888 1592 2110 1639 celebmvit
2128 1609 2146 1646 ,·
2179 1604 2232 1642 ea
2254 1592 2374 1641 indi.

146 1674 258 1721 cant'
271 1667 572 1717 Rimbertum
597 1663 727 1712 illum
744 1662 1073 1725 Presbyterum
1098 1659 1125 1708 ὲ
1149 1661 1464 1713 S.Anschari0
1487 1660 1534 1711 in
1547 1660 1767 1711 Svediam
1789 1648 2116 1720 niiffumssunc
2141 1676 2252 1711 cum
2275 1662 2388 1719 haecs

148 1738 314 1805 [cripta
326 1737 446 1789 sunt,
462 1734 724 1782 etiamnum
741 1729 1035 1795 superstitem
1049 1727 1198 1781 fuisse.

330 1819 463 1878 Testes
474 1817 576 1876 sunt
590 1813 640 1860 55
648 1816 837 1877 fratres,
855 1815 905 1861 65
917 1815 1038 1877 apud
1051 1830 1120 1861 vos
1134 1811 1185 1860 ὅ
1197 1815 1243 1860 in
1263 1829 1379 1861 nova
1390 1814 1567 1877 Corbeja
1584 1813 1815 1877 degentes]
1851 1811 2080 1863 Dedicata
2102 1812 2261 1879 itaque
2276 1810 2375 1867 haec

147 1891 257 1942 vita
269 1886 336 1938 est
354 1884 602 1935 monachis
616 1884 786 1932 veteris
801 1879 1022 1947 Corbejae
1043 1883 1093 1931 in
1108 1881 1275 1932 Gallia.

320 1971 550 2019 Publicam
565 1967 763 2035 Mtffanq]
794 1966 890 2019 Ital.
910 1968 954 2014 la
962 1969 1138 2030 grande
1152 1967 1300 2029 Meffa.

321 2059 377 2102 Et
387 2070 483 2100 eam
497 2055 543 2099 in
561 2052 719 2099 honore
739 2059 780 2100 S.
795 2054 919 2099 Petri
938 2052 1227 2112 consecratam
1250 2050 1441 2114 didicit]
1512 2050 1586 2100 De
1596 2050 1768 2100 eodem
1789 2047 1973 2112 templo
1987 2046 2375 2100 CathedraliBr'e-

151 2122 299 2179 menfi
313 2119 575 2189 loquitur&
591 2121 801 2170 Adamus
816 2120 1072 2170 Bremensis
1084 2120 1162 2169 lib.
1181 2136 1224 2170 2.
1239 2135 1340 2184 cap.
1357 2121 1436 2167 61.
1472 2125 1612 2177 Anno,
1633 2117 1803 2183 inquit,
1815 2117 2127 2180 Archiepifcopi
2138 2117 2377 2165 Alebrands'

147 2195 383 2259 penultimo
395 2192 537 2239 domus
548 2197 589 2238 S.
604 2192 729 2237 Petri
738 2194 895 2236 Bremae
912 2190 1215 2257 conflagravit.
1284 2187 1417 2237 Idem
1440 2184 1581 2252 paulo
1601 2184 1704 2253 post
1725 2181 1959 2251 subjungit
1981 2183 2212 2252 templum
2233 2185 2329 2236 hoc
2347 2185 2376 2236 εὶ

151 2263 196 2314 S.
210 2261 458 2314 Wilhado
479 2259 730 2308 fundatum
754 2258 900 2307 fuiffe.

325 2334 430 2377 Cum
447 2329 527 2390 suo
539 2326 770 2389 fidelzffimo
793 2326 1020 2390 dtsczpulo]
1069 2326 1110 2375 Is
1132 2323 1196 2376 est
1219 2322 1312 2392 iple
1324 2322 1614 2373 Rembettus
1635 2320 1747 2374 vitae
1767 2317 1905 2386 hujus
1927 2318 2107 2374 aufi‘tor.
2177 2320 2302 2371 Vide
2312 2323 2374 2372 A·

156 2411 360 2464 nonym.
375 2399 471 2447 vita
485 2395 713 2445 Rimberti
729 2412 828 2461 cap.
846 2412 893 2458 9.

324 2469 518 2529 Filioque
536 2467 624 2526 ejus
645 2463 885 2529 equivo'co]
931 2461 1180 2514 Ludovico
1200 2458 1372 2522 scilicet
1389 2459 1595 2510 fecundo
1615 2455 1715 2523 ejus
1737 2458 1945 2508 nominis
1958 2456 2226 2507 Germaniae
2239 2455 2375 2522 Regi,
2468 2484 2470 2491 ν

153 2531 276 2652 amp.
288 2532 520 2584 Ludovici
533 2534 600 2583 Pii
615 2550 674 2585 ex
687 2533 781 2583 filio
792 2532 1042 2584 Ludovico
1052 2531 1209 2601 primo
1220 2528 1490 2580 Germaniae
1502 2529 1633 2595 Rege
1645 2527 1825 2594 nepoti.
1894 2526 2019 2576 Vide
2035 2526 2204 2578 Adam.
2219 2525 2373 2575 Brem.

223 2634 235 2649 .
255 2617 293 2657 1.
308 2617 359 2652 ca
397 2635 409 2649 .
465 2617 505 2650 ι.

329 2617 510 2735 ειῗὶιῖανη
523 2687 699 2750 fratri]
731 2701 909 2753 nempe
924 2684 1006 2753 ipfi
1021 2684 1257 2734 Remberto.
1325 2682 1448 2734 Vide
1460 2686 1704 2751 Anonym.
1717 2683 1777 2732 de
1789 2677 1886 2745 ejus
1897 2680 1993 2730 vita
2007 2694 2107 2744 cap.
2124 2693 2170 2741 9.

328 2773 510 2834 Corpore
530 2787 585 2818 ex
603 2788 718 2818 more
735 2771 950 2836 eburaco]
1002 2772 1224 2831 Thumna»,
1248 2767 1348 2821 ital.
1371 2772 1604 2832 incensare.
1672 2767 1929 2819 Notandus
1954 2766 2096 2814 etiam
2118 2765 2195 2812 hic
2216 2763 2374 2812 obiter

159 2834 226 2891 est
238 2839 461 2905 antiquus
474 2838 680 2889 Ecclefiae
699 2839 962 2892 Catholicae
984 2855 1090 2892 mos
1112 2841 1254 2891 thur-a
1271 2840 1414 2892 dandi
1436 2825 2097 2907 corporibusdefuntstorum,
2119 2843 2373 2907 antequam
2450 2882 2451 2885 ,

155 2907 310 2960 humo
329 2908 688 2960 mandarentur.

2127 3076 2368 3169 PETm

2494 3008 2498 3076 ι’

2450 3081 2498 3215 l

2487 3218 2495 3401 Ι
