2498 3401
191 213 334 277 1Cap..
351 210 487 276 meite
504 209 708 276 §Beiram
957 206 1257 273 bescbtt'ebm
1280 214 1383 262 bon
1403 208 1668 259 Gualdone.
2225 222 2315 277 137

293 339 371 388 80.
425 328 495 377 Est
521 340 678 378 tamen
699 328 948 391 hyrtarum
969 326 1192 374 foecunda
1221 326 1374 374 virore
1397 340 1637 374 comarum
1663 346 1676 375 ε

423 397 659 446 imbecilla
680 411 761 460 per
783 396 904 443 hanc
926 394 1125 458 speciem
1156 393 1459 457 praetenditur
1485 395 1535 455 3)
1552 401 1700 460 aeta3,4

423 466 541 531 Qae
561 464 589 511 fi
610 480 718 512 cum
741 461 892 510 fructu
917 476 1016 509 non
1041 461 1164 509 tollit
1179 461 1239 508 ad
1257 460 1347 509 alta
1369 475 1620 516 cacumen,

424 535 511 579 Sed
536 544 695 579 tamen
715 542 938 578 aeternum
961 528 1069 577 fidei
1097 535 1226 577 tenet
1245 529 1335 592 ipsa
1355 530 1575 577 virorem.

428 600 558 664 Qid
585 598 783 662 virgulta
808 613 892 661 per
910 598 1009 644 haec
1027 597 1235 644 discurrit
1258 596 1407 643 sermo
1426 595 1622 643 Poetae?

293 674 321 724 8
334 679 372 725 ς.
421 667 549 730 Qid
570 683 627 715 ne
641 668 697 727 4)
712 681 790 730 per
804 664 1037 712 excessum
1053 663 1311 726 perstringit
1326 664 1465 711 verba
1480 662 1730 727 Prophetae

426 734 535 781 Rite
559 735 638 781 sub
657 734 900 782 arboribus
922 731 1008 794 ripi
1024 732 1082 792 ⁷5)
1106 745 1212 778 cum
1239 731 1504 794 paradigma
1524 731 1716 783 ciemus.

421 799 645 866 Namque
685 815 765 865 per
777 799 1058 860 Anscharium
1082 798 1343 846 Dominum
1369 796 1587 862 plantaffe
1604 800 1820 848 videmur

426 870 480 916 In
507 870 646 916 Danis
668 870 861 915 hortum
885 867 1067 915 virtutis
1087 867 1235 913 odore
1256 865 1495 916 refertum,

428 936 552 984 Cum
577 938 715 984 cedro
740 936 929 999 spinam,
952 950 1060 983 cum
1084 934 1277 997 myrtho
1298 933 1413 982 [evit
1435 932 1610 982 olivam

299 1018 376 1064 90.
426 1002 537 1050 Haec
559 1002 735 1066 flagrat,
759 1005 857 1055 haec
877 1004 1057 1065 pungit,
1081 1002 1221 1049 micat
1242 1002 1341 1049 haec
1362 1016 1413 1049 ea
1449 1003 1674 1050 membra.
1701 1004 1780 1065 [e]

430 1071 555 1123 Nam
581 1069 762 1116 redolet
792 1070 956 1122 virtus,
980 1072 1034 1130 6)
1055 1068 1106 1116 fit
1127 1069 1252 1116 enim
1264 1069 1365 1117 haec
1385 1067 1615 1116 correctio
1628 1068 1787 1119 clavus

393 1145 400 1151 ·
425 1136 499 1183 'Fit
520 1137 750 1183 medicina
774 1135 956 1189 dolenS‚
978 1135 1193 1181 miserans
1208 1132 1362 1194 jubar,
1384 1133 1433 1182 ὅ(
1457 1135 1611 1200 liquor
1632 1151 1834 1203 ungens.

425 1201 537 1250 Alta
557 1210 721 1265 petens
738 1202 881 1256 abieS,
903 1199 1056 1248 ulmus
1078 1199 1294 1247 frondosa
1313 1201 1561 1255 virescens,
1826 1197 1834 1200 ⁴

431 1270 584 1316 Buxus
605 1282 655 1316 ut
676 1267 974 1316 accumulent
996 1268 1118 1315 horti
1153 1267 1350 1330 speciosa
1373 1269 1612 1317 cohaerent

299 1349 379 1401 95·
435 1337 541 1384 Hac
566 1337 747 1383 theoria
768 1338 824 1397 7)
845 1335 990 1390 nider,
1012 1335 1102 1383 hac
1119 1335 1223 1382 vitis
1243 1336 1299 1381 ab
1322 1336 1487 1383 arbore
1511 1337 1690 1400 pendet

434 1404 540 1452 Hac
560 1407 681 1451 viret
702 1404 822 1451 alma
845 1401 975 1457 fides,
1001 1417 1104 1467 quae
1125 1417 1212 1450 nec
1235 1401 1314 1449 sub
1335 1402 1480 1450 fidere
1505 1405 1628 1454 canis
1650 1409 1704 1469 8)

428 1471 846 1536 AEstuatjayberno
872 1486 959 1518 nec
981 1478 1153 1518 marcet
1177 1471 1351 1534 frigore
1372 1470 1510 1518 cauri.
1530 1470 1584 1534 9)

431 1540 556 1602 Ergo
578 1555 660 1603 per
678 1540 961 1599 Anscharium
983 1536 1183 1602 glacialis
1205 1537 1253 1586 ὅ(
1276 1538 1402 1586 invia
1426 1537 1562 1586 tellus

388 1614 408 1617 ”
432 1612 654 1653 Danorum
677 1608 866 1655 Domini
888 1607 1142 1654 frondescit
1162 1609 1228 1655 uti
1259 1607 1505 1670 paradysus

311 1687 404 1722 100
439 1675 635 1722 Occidit
657 1676 823 1722 umbra
846 1689 1025 1722 nocens
1047 1673 1200 1722 feralis
1224 1673 1347 1737 sylva
1367 1680 1611 1724 comantes

435 1741 612 1788 Ramos
637 1741 848 1803 deposuit
872 1742 955 1788 luti
976 1745 1188 1788 cecidere
1211 1753 1427 1789 vacantes
1574 1795 1577 1797 ,

439 1808 603 1854 Ufibus
627 1821 839 1854 errorum
859 1824 871 1852 ε
905 1807 1087 1853 latebrae
1106 1819 1295 1868 patuere
1311 1807 1567 1870 Magorum

440 1872 637 1921 Exceffit
660 1874 837 1921 cultura
861 1875 1070 1920 Deorum
1093 1873 1268 1936 polluta
1300 1875 1504 1921 cruentis

438 1939 618 1988 Officiis
644 1938 1010 2004 pecudum,jam
1036 1955 1136 1987 non
1160 1941 1269 1987 furit
1291 1956 1436 2004 augur
1457 1943 1507 1987 in
1528 1939 1646 1987 extis

314 2020 422 2067 105.
443 2008 615 2054 Omnis
638 2010 682 2053 in
701 2007 899 2054 Ecclefiae
923 2007 1123 2069 populus
1143 2006 1424 2054 sacramenta
1455 2008 1673 2060 cucurrit.

439 2073 633 2137 Repulit
652 2074 966 2130 omnenefas,
987 2072 1175 2120 Christo
1197 2073 1270 2121 sua
1296 2073 1414 2121 colla
1439 2074 1620 2136 subegit

439 2142 648 2206 Imperat
669 2143 713 2188 in
737 2141 866 2189 terris
888 2141 1029 2197 Deus,
1050 2132 1210 2189 exulat
1239 2141 1426 2189 invidus
1449 2141 1629 2205 anguis.

432 2212 506 2257 At·
520 2210 596 2273 qui
613 2209 877 2256 barbariem
898 2209 1098 2265 domuit,
1116 2209 1191 2271 qui
1206 2209 1416 2274 propulit
1437 2209 1618 2256 hostem

435 2276 632 2340 Signifer
655 2275 704 2324 &
727 2277 919 2324 Domini
940 2275 1188 2339 precursor·
1220 2279 1268 2335 1)
1293 2281 1339 2322 in
1359 2277 1463 2323 urbe
1475 2274 1686 2334 Bremenfi

309 2357 329 2390 1
344 2357 417 2390 10.
433 2343 678 2407 Transque
699 2342 842 2390 Albim
863 2356 1046 2407 regnat,
1069 2344 1148 2392 led
1164 2342 1341 2392 Gallica
1362 2360 1467 2393 rura
1489 2347 1683 2405 lerenatg

435 2410 814 2476 Pignoribusque
833 2412 920 2459 luis
944 2412 1061 2460 ditat
1087 2412 1315 2460 cunabula
1337 2415 1509 2462 matris.

437 2478 578 2527 Unde
598 2490 731 2542 pater
753 2480 895 2543 digne
914 2492 1086 2544 grates,
1108 2478 1404 2538 ALBERTE‚
1429 2480 1602 2528 referre

379 2598 381 2602 f
436 2546 554 2594 Non
577 2547 660 2594 tibi
681 2545 930 2596 sufficimus
955 2548 1183 2603 meditari,
1205 2549 1377 2612 quippe
1409 2549 1657 2612 nequimus

438 2613 567 2679 Qd
591 2615 650 2664 de
668 2626 715 2663 te
734 2616 940 2680 primum
963 2615 1014 2666 fit
1026 2616 1161 2666 nobis
1177 2616 1676 2666 commemorandum·

386 2698 419 2744 I·
435 2694 601 2761 OEbess.
1312 2697 1377 2758 Q
2153 2710 2264 2759 125.
2290 2695 2337 2744 Si

769 2801 984 2847 Left't'ones
1003 2802 1233 2850 variantes
1253 2818 1307 2849 ex
1319 2801 1434 2848 Allis
1446 2800 1709 2851 Sanfi'orumd

194 2877 236 2929 3)
251 2874 508 2972 cffi‘s’gssssditufd
573 2878 627 2930 4)
651 2880 717 2923 *Vel
783 2878 827 2933 5)
859 2882 1034 2941 typicum.
1099 2882 1146 2934 6)
1172 2882 1229 2924 fit.
1295 2882 1340 2935 7)
1370 2880 1482 2926 videt.
1576 2883 1622 2936 8)
1652 2877 1792 2924 cancri.
1881 2878 1932 2931 ’9)
1962 2875 2088 2921 Tauri}
2179 2876 2221 2928 ι)
2249 2886 2338 2930 pm—

300 3031 302 3034 -
941 2994 1173 3062 Αηηοηιζὶρ
1208 3002 1259 3046 G.
1281 2993 1544 3060 Henfihenii.

201 3068 261 3124 [e]
295 3071 403 3120 deest.
420 3076 570 3120 verbum
588 3075 759 3132 perungit
786 3074 985 3121 autfimiie.
