2498 3401
226 224 244 259 1
261 207 332 271 36‘
1039 204 1095 255 11.
1127 202 1237 252 Vita
1253 203 1295 255 S.
1311 203 1578 262 Auscharii‚

394 335 461 382 40
519 320 712 383 Stagnat
733 320 858 366 enim
878 316 1029 366 fluviis
1052 331 1240 365 cremus
1271 320 1352 377 11)
1377 318 1503 380 prius
1525 316 1618 365 usta
1647 320 1839 385 pruini8‚

525 386 615 436 Per
634 385 809 434 deserta
831 389 1002 434 rubent
1035 383 1217 432 incultis
1240 383 1441 431 sentibus
1465 396 1567 438 uvae
1583 402 1615 447 3,
1636 418 1638 421 ψ

527 455 656 504 Cum
679 455 873 519 myrtho
903 455 985 515 12)
1004 451 1182 516 lignum
1208 450 1351 499 felicis
1375 450 1523 506 olivae‚
1563 492 1566 496 .

527 522 709 571 Cedrus
731 522 900 575 odora,
923 522 1071 570 comis
1090 519 1213 567 abies
1233 518 1433 566 sublimis
1465 518 1513 568 &
1537 518 1694 569 ulmus

523 591 737 639 Collibus
758 592 1015 638 incubuere
1029 586 1270 636 venustate
1297 588 1381 647 13)
1402 586 1664 637 humillima
1677 590 1846 645 buxus,
1868 623 1893 644 s„

390 670 473 723 45¹.
524 660 644 725 Qiae
667 659 808 706 nescit
827 657 915 705 labi
939 653 1175 704 convalles
1197 654 1373 702 fronde
1392 655 1581 706 virenti.

526 727 749 774 Fontibus
772 725 950 787 irriguis
972 723 1116 770 divini
1136 722 1284 787 gratia
1304 722 1420 770 roris

521 795 820 859 Exprimitur‚
833 809 914 856 per
933 806 1072 856 quam
1093 796 1334 852 reparatur
1354 789 1603 854 languidus
1621 789 1792 850 Adam,

521 862 609 910 Per
626 863 851 909 torrentis
875 874 1015 924 aquas
1040 857 1152 907 fidei
1173 850 1384 906 dourin'a
1404 858 1639 907 redundas

525 930 631 978 Rite
657 928 900 993 figuratur,
922 927 1067 974 eremi
1089 926 1179 974 sitis
1206 927 1333 974 unde
1355 923 1531 992 rigatur
1553 942 1567 972 ε

396 1011 469 1055 50,
518 998 655 1058 Spina
678 1011 873 1044 manum
897 995 1083 1048 lacerat,
1098 991 1308 1042 (meroris
1333 994 1490 1059 lingua
1512 1004 1727 1043 cruentat
1757 996 1807 1056 ι)

518 1063 621 1112 Cor
643 1064 958 1127 delinquentis
981 1063 1109 1112 verbi
1129 1077 1358 1111 mucrone
1383 1062 1604 1128 potentis.
1632 1068 1654 1086 ‘

516 1134 645 1198 Qas
670 1133 794 1179 Deus
817 1130 1018 1179 infundit
1043 1145 1159 1195 quas
1180 1145 1318 1178 mens
1345 1128 1589 1193 liquefacta
1613 1128 1822 1178 refundit

521 1201 594 1248 De
617 1199 865 1264 lachrymis
882 1199 1048 1247 animae
1072 1199 1281 1262 pendent
1314 1198 1361 1245 in
1387 1197 1592 1247 sentibus
1616 1211 1721 1244 uva:

519 1267 738 1318 Contusae
757 1268 815 1328 2)
827 1266 1058 1327 myrthuS,
1085 1278 1186 1328 quae
1207 1265 1416 1326 corporis
1436 1263 1592 1328 alligat
1612 1274 1738 1312 artus

393 1352 467 1401 55.
517 1335 746 1401 Exprimit
766 1332 944 1382 afflietis
975 1330 1193 1380 affectum
1218 1333 1553 1396 compatientis
1636 1384 1645 1392 ,

521 1404 742 1468 Myrthus
764 1402 975 1468 membra
993 1398 1429 1464 tovet‚'compaffio
1452 1398 1592 1447 tristia
1615 1395 1811 1453 mulcet,

518 1470 713 1521 Pedion:
737 1468 956 1535 propellit
977 1483 1112 1516 curas
1138 1468 1449 1533 animumque
1469 1466 1668 1516 reducit.
1787 1481 1789 1483 ·

519 1542 577 1590 Et
600 1539 713 1604 quid
735 1537 1012 1602 elemosynae
1034 1536 1236 1601 speciem
1259 1536 1336 1584 nist
1362 1533 1537 1584 fruetus
1557 1534 1692 1582 olivae

522 1608 676 1657 Innuit
698 1610 785 1669 hac
806 1604 1017 1654 flammas
1043 1603 1228 1653 affumit
1255 1605 1313 1651 ab
1334 1605 1503 1652 arbore
1526 1603 1724 1667 lampas,

387 1677 469 1725 60.
523 1678 576 1725 Et
600 1676 715 1723 dum
740 1673 907 1722 diffufis
930 1674 1096 1738 opibus
1118 1672 1359 1728 miseretur
1381 1672 1541 1736 egenis

516 1742 706 1793 fruetus
731 1742 1008 1805 elemosynae
1032 1741 1182 1805 liquor
1208 1742 1267 1788 ut'
1281 1739 1536 1788 redolentis
1556 1736 1692 1788 olivae

515 1813 695 1860 Emicat
715 1818 827 1858 ante
851 1810 938 1857 Dei
963 1808 1130 1856 faciem
1164 1807 1409 1873 splendore
1433 1807 1644 1872 perenni.

519 1880 639 1946 Qae
664 1879 834 1927 cariem
860 1876 1020 1929 nescit,
1045 1891 1146 1940 quae
1169 1875 1298 1924 nulla
1317 1875 1419 1923 labe
1442 1873 1674 1939 putreicit

519 1949 657 2016 Qos
685 1947 828 1995 virtus
853 1945 1058 1994 celebrat
1079 1944 1153 1992 fua
1176 1944 1345 1992 cedrus
1370 1943 1516 1991 odora
1539 1940 1724 2005 figurat.

387 2015 467 2075 65.
518 2017 704 2064 Horum
729 2022 830 2062 tota
854 2013 938 2063 Dei
962 2014 1133 2061 domus
1162 2011 1288 2060 halat
1311 2011 1467 2059 odore
1490 2008 1632 2059 svavi.

521 2084 617 2149 Qi
641 2082 816 2130 meritis
838 2095 1037 2146 operum
1059 2096 1142 2144 per
1170 2080 1292 2143 signa
1317 2078 1535 2143 potentia
1554 2089 1716 2123 rerum

522 2150 692 2201 Christi
714 2164 829 2216 pace
850 2150 1028 2212 vigent,
1054 2147 1274 2212 nullaque
1299 2146 1551 2212 putredine
1575 2143 1754 2199 lucent,

520 2219 672 2284 Hyrta
692 2218 840 2266 cornis
860 2217 986 2265 abies
1009 2215 1189 2264 Iublimi
1211 2216 1388 2263 vertice
1422 2213 1572 2261 nubes

523 2286 846 2336 Excrescendo
868 2286 1003 2350 petit,
1025 2282 1297 2348 coelumque
1329 2281 1574 2331 cacumine
1604 2275 1788 2341 tangit:

392 2368 474 2421 7ο.
524 2355 643 2421 Qis
667 2361 798 2403 tenet
828 2354 950 2401 hanc
980 2353 1207 2418 speeiem,
1239 2351 1318 2399 nisi
1340 2351 1418 2414 qui
1443 2362 1566 2397 trans
1589 2347 1761 2394 aethera
1795 2351 2009 2393 mentem

524 2425 692 2472 Vibrat
714 2420 763 2470 ὅ(
783 2420 988 2470 interris
1011 2420 1200 2485 pofituS,
1225 2431 1366 2484 caput
1389 2416 1542 2466 inserit
1563 2414 1706 2464 astriS.

523 2491 693 2541 Ulmus
715 2501 886 2555 opacat
904 2490 1125 2543 humum,
1150 2503 1234 2554 per
1254 2486 1451 2536 frondea
1468 2484 1654 2533 brachia
1673 2477 1881 2530 fruC‘tum

527 2562 643 2609 Non
664 2559 806 2607 habet
825 2556 916 2622 ipsa
937 2569 1115 2612 tamen,
1139 2567 1297 2622 portat
1320 2570 1430 2604 cum
1451 2553 1665 2618 germine
1687 2549 1838 2600 vitem

529 2628 713 2678 Divitiis
738 2637 923 2676 mentes
945 2637 997 2674 ut
1018 2624 1600 2685 frondibuS,exuberantes

393 2710 475 2763 75.
533 2698 599 2746 Ex
621 2696 786 2745 mundi
806 2692 970 2744 culmo
992 2694 1215 2759 portendi
1244 2707 1402 2755 remur
1422 2691 1480 2739 ab
1503 2688 1636 2738 ulmo

525 2765 614 2814 Sed
636 2763 851 2831 quamvis
873 2774 1006 2812 terrae
1027 2761 1308 2812 famulantes
1324 2760 1541 2825 germina
1561 2758 1695 2806 ferre-—

530 2833 774 2881 Virtutum
797 2842 1024 2896 neqeunt,
1039 2827 1190 2895 justus
1216 2827 1487 2877 umbracula
1504 2825 1640 2884 fiunt,

528 2902 666 2967 Qos
690 2902 804 2950 dum
827 2899 1086 2950 sustentant
1115 2900 1306 2948 botrum
1339 2912 1448 2945 cum
1473 2894 1670 2961 palmite
1703 2897 1907 2957 portant.

526 2970 681 3020 Buxus
707 2985 796 3020 nec
815 2967 1022 3020 fruE‘cum
1045 2967 1243 3035 profert,
1262 2980 1416 3031 neque
1435 2962 1597 3014 crescit
1623 2962 1674 3012 in
1696 2959 1846 3009 altum

838 3107 1054 3154 Leffiones
1074 3106 1296 3152 variantes
1318 3121 1372 3150 ex
1382 3104 1500 3151 Astis
1511 3099 1778 3151 sanderum·

263 3174 320 3228 ιι)
353 3187 508 3219 eremus.
575 3173 640 3228 12)
674 3174 820 3230 jugiter.
876 3175 940 3229 13)
973 3173 1150 3218 venustat.
1216 3173 1256 3228 ι)
1289 3183 1470 3216 cruentas.
1534 3169 1584 3219 2)
1618 3161 1788 3207 Contuli»

2113 221 2143 255 2
2166 205 2351 256 Period.

2254 3011 2332 3080 80·
2346 3018 2417 3071 Est
2458 3027 2482 3087 ἴ
