2498 3401
186 321 250 369 cis
261 318 552 385 acquirendis
572 317 777 367 dandum
789 331 902 377 erat,
918 321 976 368 de
988 319 1060 367 sua
1074 321 1367 369 abundanter
1387 321 1687 370 ministrabat.
1759 325 2041 373 Porrointer
2061 330 2141 373 has
2165 324 2387 389 multipli-

185 401 292 441 ces,
314 387 555 450 variasque
586 385 897 451 angustiarum
928 387 1148 453 pressuras
1180 402 1290 451 quas
1323 388 1388 434 uti
1421 392 1901 438 commemoraVImus
1917 393 1974 439 de
1990 395 2151 441 eadem
2165 393 2386 454 Legatio-

186 469 249 504 ne
269 461 358 516 24)
377 460 429 502 ut
449 451 722 519 praedic‘tum
754 455 846 508 est,
880 455 1060 520 semper
1087 455 1379 519 inspiratione
1408 457 1675 510 roboretur,
1718 473 1777 504 ne
1799 471 1994 522 accepto
2030 461 2119 521 25)
2156 458 2387 507 desisteret

185 536 349 586 opere,
370 534 528 570 tamen
546 523 738 571 Domini
760 539 951 589 quoque
976 524 1156 569 Ehbonis
1190 524 1438 571 memorati
1461 526 1669 584 Remenstr
1701 526 2128 590 Archiepiscopi‚qui
2151 528 2273 574 hanc
2295 525 2386 573 Le-

184 591 426 653 gationem
450 591 601 654 primo
621 590 900 657 susceperat,
942 607 1039 639 non
1071 591 1257 639 modice
1274 603 1387 638 ‘cum
1413 593 1500 652 26)
1524 592 1567 638 in
1591 593 1679 640 hac
1711 597 1867 647 causa,
1893 591 1942 641 &
1978 593 2176 642 devotio
2214 594 2385 640 mentis

183 655 235 705 &
253 657 417 721 fervor
440 659 923 709 consolabaturanimi,
993 660 1034 705 Si
1063 659 1251 722 quidem
1275 659 1367 722 ipse
1388 658 1557 706 intimo
1592 663 1935 724 provocatione
1958 664 2046 723 27)
2065 661 2278 726 gentium
2307 657 2386 708 fla-

187 739 324 790 grans
334 725 507 790 spiritu,
522 722 701 790 jugiter
712 743 819 775 eum
833 728 891 774 ad
903 726 1009 774 fidei
1021 727 1219 791 gratiam
1237 727 1283 774 in
1305 733 1455 791 partes
1474 725 1575 774 istas
1591 728 1980 792 promulgandam
2003 731 2245 785 incitabat,
2262 726 2309 775 ὅ(
2333 738 2387 775 ut

187 799 345 857 coepta
357 808 459 842 non
472 794 700 842 desereret
717 795 898 844 strenue
925 796 1279 843 commonebat.
1324 827 1344 832 ο
1378 790 1528 855 Cujus
1544 796 1698 844 verbis
1719 798 2084 853 exhortationiS,
2102 795 2152 845 ὅ(
2178 795 2385 843 maximo

185 861 355 909 ardore
375 863 560 918 mentis,
584 877 679 925 quo
699 863 758 910 ad
778 864 871 911 hoc
894 863 1108 911 fervebat
1136 861 1218 910 iste
1245 863 1397 910 bonus
1423 863 1472 924 Ι)
1496 863 1562 911 vir
1576 877 1880 927 provocatus,
1901 865 2221 913 indubitanter
2242 859 2386 910 officii

184 927 262 976 fibi
276 927 507 977 commissi
530 945 692 977 curam
722 932 904 995 agebat,
931 946 1019 978 nec
1040 931 1190 993 aliqua
1216 943 1425 994 unquam
1459 931 1861 979 incommoditatis
1885 932 2159 980 adversitate
2176 929 2203 977 a
2223 936 2386 993 coepto

185 1009 334 1061 opere
347 998 496 1044 averti
513 1003 721 1060 poterat.
791 999 846 1046 Et
880 998 984 1045 licet
1005 999 1249 1045 innumera
1282 997 1458 1046 fuerint
1487 997 1687 1062 praedissti
1714 998 1951 1048 Pontificis
1975 998 2167 1048 svasoria
2189 998 2387 1048 monita,

183 1064 353 1129 quibus
366 1075 498 1128 pater
511 1063 666 1112 noster
682 1064 850 1113 intimo
862 1064 1184 1113 consolabatur
1202 1066 1393 1130 gaudio,
1417 1063 1532 1115 illius
1564 1079 1721 1116 tamen
1752 1068 1926 1132 semper
1946 1062 2279 1115 recordabatur
2301 1062 2388 1112 ser-

183 1132 358 1187 ιηοηίε,
380 1146 521 1196 quern
536 1132 593 1180 de
607 1131 872 1196 Legationis
886 1130 1023 1195 hujus
1047 1133 1178 1181 causa
1200 1135 1250 1180 in
1275 1133 1445 1182 ultimo
1468 1133 1797 1183 collocutionis
1821 1133 1916 1182 suae'
1926 1137 2133 1183 habuere
2153 1145 2386 1194 tempore.

186 1199 312 1247 Nam
325 1214 434 1246 cum
451 1199 686 1247 Dominus
703 1204 757 1260 2)
776 1200 1024 1264 Episcopus
1054 1200 1208 1248 noster
1230 1201 1530 1248 dinumeratis
1554 1203 1726 1257 mulriS,
1752 1216 1856 1265 quaew
1877 1201 1955 1248 fibi
1976 1200 2304 1264 contingerant
2334 1198 2387 1258 3)

185 1266 419 1331 angustiis,
433 1268 543 1331 quid
557 1269 616 1315 de
632 1271 796 1315 eadem
810 1268 1047 1331 legatione
1060 1268 1135 1315 fibi
1159 1268 1397 1316 videretur
1417 1268 1564 1331 ipsum
1586 1269 1858 1333 requireret,
1875 1267 2152 1331 qualemque
2173 1263 2390 1319 consola·
2428 1266 2431 1267 ’

186 1335 367 1382 tionem
391 1334 469 1382 fibi
494 1335 625 1399 super
646 1336 738 1382 hoc
762 1336 915 1383 dicere
931 1334 1098 1390 vellet,
1125 1336 1183 1382 ab
1204 1350 1262 1383 eo
1285 1335 1470 1383 sollicite
1495 1335 1785 1400 exposceret.
1857 1335 1937 1382 Ille
1960 1336 2079 1398 quali
2104 1333 2388 1398 prophetico

185 1403 363 1450 afflatus
375 1401 549 1466 spiritu,
572 1402 840 1465 respondit3
870 1402 1044 1450 Certus
1061 1402 1175 1454 sum,
1199 1404 1377 1467 inquit3
1412 1402 1516 1466 quia
1528 1405 1653 1465 quod
1672 1417 1768 1448 nos
1791 1417 1879 1464 pro
1895 1400 2061 1448 Christi
2086 1401 2281 1449 nomine
2296 1399 2389 1448 ela-

185 1470 353 1518 borare
377 1472 615 1533 coepimus
631 1468 904 1518 fruCtificare
926 1471 1068 1517 habet
1091 1471 1135 1516 in
1149 1471 1372 1518 Domino.
1474 1470 1598 1527 Nam
1614 1471 1674 1517 ita
1695 1469 1759 1517 est
1774 1469 1889 1518 fides
1913 1484 2032 1525 mea,
2053 1467 2174 1516 &fic
2194 1466 2389 1516 firmiter

183 1538 344 1591 credo,
367 1538 517 1585 immo
540 1538 771 1586 veraciter
793 1537 899 1593 scio,
922 1536 1089 1602 quia&
1105 1537 1132 1585 fi
1154 1537 1405 1601 aliquando
1427 1549 1623 1602 propter
1645 1548 1838 1600 peccata
1859 1536 2388 1599 quodammodoimpe-

184 1606 334 1653 ditum
351 1605 507 1659 fuerit,
522 1607 647 1667 quod
664 1621 750 1654 nos
767 1607 814 1652 in
827 1604 907 1652 illis
920 1606 1154 1669 coepimus
1170 1605 1418 1657 Gentibus,
1443 1620 1538 1652 non
1552 1616 1710 1651 tamen
1724 1619 1930 1667 unquam
1956 1606 2142 1666 penitus
2165 1609 2388 1651 extenue-

187 1682 280 1725 tur,
297 1672 371 1720 sed
384 1672 682 1720 fructificabit
695 1674 739 1721 in
753 1673 835 1720 Dei
849 1674 995 1735 gratia
1009 1672 1056 1720 <Sc
1069 1672 1430 1736 prosperabitur,
1457 1672 1597 1734 usque
1613 1685 1707 1734 quo
1733 1672 1979 1734 perveniat
2002 1685 2177 1718 nomen
2193 1669 2389 1718 Domini

185 1739 373 1789 adfines
388 1741 509 1787 orbis
526 1747 675 1788 terrae.
776 1740 888 1786 Haec
907 1741 1062 1803 itaque
1086 1738 1201 1787 fides
1223 1740 1312 1787 fuit
1332 1753 1498 1786 eorum
1513 1741 1598 1785 bac
1620 1739 1868 1786 voluntate
1883 1746 2147 1786 exterarum
2171 1740 2388 1801 gentium

185 1807 301 1857 fines
315 1807 562 1871 petierunt,
576 1804 711 1869 hujus
726 1806 961 1868 religionis
972 1818 1135 1853 amore
1150 1820 1238 1869 pro
1255 1806 1464 1852 Domino
1478 1812 1797 1857 certaverunt,
1826 1806 1851 1850 a
1875 1820 1972 1869 quo
1993 1804 2039 1852 ὅ(
2057 1807 2297 1867 praemium
2327 1805 2388 1852 la·

187 1875 311 1923 boris
322 1873 387 1922 sui
400 1874 492 1922 fine
505 1875 649 1921 dubio
663 1874 930 1937 percepturi
943 1873 1060 1921 sunt.
1163 1870 1312 1936 Hujus
1335 1872 1606 1934 devotionis
1634 1872 1852 1920 voluntas
1875 1875 1931 1919 ab
1945 1874 2106 1919 animo
2122 1872 2316 1920 Domini
2337 1870 2388 1920 δι

183 1942 328 1991 Patris
343 1940 482 1989 nostri
496 1956 737 2006 nunquam
752 1938 948 1996 recessit,
962 1939 1010 1988 &
1026 1956 1111 2005 pro
1125 1940 1265 1987 salute
1279 1939 1504 1987 Gentium
1525 1953 1768 2002 nunquam
1791 1955 1924 1986 orare
1946 1939 2150 1990 cessavit,
2253 1940 2386 2005 Qin

183 2010 338 2074 potius
353 2025 462 2058 cum
476 2007 648 2057 affidua
667 2009 764 2057 fere
777 2009 1028 2072 piratarum
1043 2007 1349 2063 infestatione,
1366 2008 1512 2070 quiex
1524 2002 1862 2068 Gentibusjam
1880 2005 2010 2054 dictis
2035 2007 2307 2063 veniebant,
2329 2009 2386 2068 4)

183 2077 412 2127 Parochia
441 2081 491 2137 ς)
512 2076 625 2125 illius
647 2077 692 2123 in
714 2076 909 2123 circuitu
931 2075 1250 2123 vastereturac
1265 2074 1433 2123 familia
1456 2073 1753 2137 diriperetur,
1775 2072 1850 2120 ille
1866 2081 2023 2121 tamen
2050 2090 2135 2137 pro
2147 2074 2387 2122 adversan-

181 2148 306 2195 tibus
328 2144 698 2194 &infidiantibus
711 2143 786 2190 fibi
791 2140 970 2205 jugiter
982 2143 1225 2198 exorabat,
1246 2140 1294 2188 ὅ(
1308 2155 1393 2205 pro
1407 2143 1713 2189 conversione
1733 2154 1918 2196 eorum,
1932 2140 2009 2204 qui
2029 2141 2105 2188 fibi
2121 2140 2386 2188 malefacie-

185 2216 315 2268 bant,
341 2213 465 2277 apud
489 2212 575 2259 Dei
587 2210 950 2259 misericordiam
964 2209 1055 2257 fine
1068 2209 1316 2257 ceffatione
1330 2209 1541 2271 rogabat,
1554 2221 1733 2272 petens,
1750 2223 1810 2256 ne
1832 2207 2106 2256 statueretur
2125 2208 2209 2255 illis
2222 2210 2268 2255 in
2280 2223 2387 2272 pec-

181 2294 356 2336 catum,
379 2279 510 2344 quod
532 2281 802 2344 ignorantes
824 2278 906 2325 Dei
932 2277 1156 2340 Justitiam
1180 2292 1338 2324 errore
1363 2275 1605 2324 Diabolico
1633 2277 1818 2324 decenti
1841 2275 2216 2323 Christianorum
2247 2278 2387 2323 rebus

180 2347 325 2397 essent
342 2346 510 2395 infesti.
576 2344 727 2409 Cujus
747 2345 1056 2393 sollicitudinis
1078 2343 1474 2398 causainstantum
1488 2343 1715 2399 fervebat,
1730 2350 1783 2391 ut
1795 2343 1937 2391 etiam
1959 2341 2289 2391 ininfirmitate
2303 2358 2386 2407 po-

185 2418 290 2464 situs
313 2411 672 2477 noviffima‚jam
696 2411 827 2461 dittae
852 2414 934 2460 suae
950 2412 1217 2476 Legati-onis
1238 2411 1417 2459 causam
1442 2425 1682 2476 nunquam
1707 2423 1840 2458 antea
1861 2409 2055 2458 traftare
2074 2408 2122 2458 ὃ(
2145 2410 2387 2475 disponere

184 2483 388 2532 omiserit
401 2496 497 2547 quo
509 2481 887 2547 usqueultimum
902 2480 1139 2530 exhalavit
1163 2481 1218 2540 6)
1244 2479 1448 2543 spiritum
1465 2480 1571 2527 vitae
1591 2495 1608 2540 3
1632 2479 1681 2525 In
1700 2493 1795 2540 quo
1811 2478 2062 2541 Religionis
2085 2480 2251 2544 ardore
2273 2477 2297 2525 a
2322 2477 2387 2526 se-

186 2551 295 2601 culo
310 2551 537 2612 susceptus
557 2554 612 2612 7)
633 2549 881 2605 credimus,
902 2549 1028 2614 quod
1041 2548 1243 2596 maxima
1266 2547 1421 2594 secum
1437 2546 1695 2594 comitante
1708 2545 1918 2593 fidelium
1936 2546 2252 2600 multitudine,
2269 2560 2385 2609 quos

185 2634 244 2669 ex
255 2631 397 2683 gente
409 2618 651 2666 Danorum
665 2630 804 2681 atque
817 2618 1059 2664 Sveonum
1072 2616 1283 2663 Domino
1295 2614 1495 2661 lucratus
1508 2616 1656 2662 fuerat
1671 2614 1890 2660 meritum
1916 2614 2025 2660 boni
2047 2612 2312 2660 certaminis
2333 2612 2385 2660 il-

185 2687 273 2736 iius
286 2686 445 2735 divina
458 2692 794 2733 remunerante
809 2684 1059 2734 clementia
1071 2684 1118 2733 in
1137 2684 1211 2732 die
1221 2680 1563 2731 resurrectionis
1580 2682 1795 2731 omnium
1816 2681 2012 2746 gloriose
2034 2679 2080 2730 ὅ(
2095 2679 2290 2729 feliciter
2312 2695 2385 2728 re-

191 2767 302 2822 gna,
322 2754 586 2820 penetrabit
611 2756 663 2816 8)
683 2751 933 2803 coelorum.
1852 2776 1857 2781 '
2264 2813 2373 2862 CAP

824 2889 1040 2935 Lecfz‘iones
1062 2889 1285 2935 variantes
1302 2903 1356 2933 ex
1370 2886 1488 2933 Aliis
1503 2887 1766 2938 Sanfflorum.

253 2985 329 3039 2⁸4)
359 3005 376 3015 ··
407 3005 428 3016 ··
460 3005 479 3017 ·
507 2984 640 3029 divina«
696 2985 765 3040 25)
794 2983 943 3039 {cepta
1041 2986 1117 3037 26)
1148 2997 1245 3025 eum·
1341 2985 1409 3037 27)
1438 2997 1503 3036 pro
1521 2986 1726 3039 vocatione.
1808 2980 1847 3030 1)
1882 2978 2022 3021 beatus.
2121 2978 2166 3029 2,)
2199 2979 2386 3020 nom-nus,

351 3044 392 3093 3)
425 3042 660 3104 contigerant.
728 3044 780 3094 4)
811 3042 990 3085 veniebat.
1071 3046 1113 3096 ς)
1147 3041 1320 3083 Paroccia.
1418 3040 1466 3091 6)
1503 3040 1730 3083 exhalaverit.
1821 3039 1866 3088 7)
1893 3032 2103 3087 susceptum.
2201 3036 2244 3083 8)
2279 3045 2387 3083 pene·

358 3109 478 3139 travit.
