2433 3401
107 216 208 263 610
966 202 1205 252 Notabilia
1229 201 1423 255 collecta

2173 297 2305 309 -n-

279 328 426 394 Qod
457 325 670 372 Decanus
703 317 1006 385 personaliter
1038 331 1252 370 teneatur
1279 322 1476 372 refidere
1505 322 1554 372 ὅ(
1586 326 1809 390 adoptare
1842 328 2018 376 curiam
2051 329 2226 378 Decani
2256 328 2306 381 δε
2366 335 2369 338 ”

109 413 206 450 non
228 398 360 447 aliam
389 395 598 441 habetur.
638 388 666 440 f.
693 392 797 444 186.
823 387 871 436 ὅ(
900 402 1006 448 195.
1558 427 1560 429 .

277 465 408 512 Nota
429 461 505 508 hic
525 457 653 524 quod
676 456 723 505 in
746 456 872 506 Cista
893 458 1151 505 habeantur
1183 455 1346 506 Literae
1366 458 1726 509 confirmatoriae
1750 459 1884 525 hujus
1909 463 2091 514 Statuti.

279 532 448 580 Forma
463 524 717 591 juramenti
738 528 866 590 quod
888 524 1069 588 praestat
1095 526 1306 576 vicarius
1330 526 1421 576 sive
1452 528 1744 577 Canonicus.
2078 575 2084 581 ,
2131 568 2134 570 .

281 598 403 648 lllius
424 595 488 644 est
512 595 804 660 interpretari
826 591 957 660 cujus
977 593 1043 644 est
1055 595 1267 644 condere
1280 593 1464 650 statuta,
1535 597 1662 649 Vide
1676 597 2035 649 declarationem
2051 598 2189 666 super
2202 612 2310 665 prae·

112 670 276 723 bendis
299 667 571 716 minoribus.
599 665 633 712 f.
645 680 726 726 44.
1051 671 1055 674 ’

281 736 550 803 Secundum
584 731 968 781 consuetudinem
999 730 1397 782 EcclesiaeHamb.
1422 733 1629 783 minores
1651 733 1921 799 praebendas
1942 732 2183 793 habentes,
2213 748 2313 783 ma-

108 804 233 874 jores
253 802 523 856 immediate
545 800 852 865 adipiscantur
871 801 901 852 f.
914 801 1020 848 eod.
1061 799 1184 849 Vide
1199 801 1377 850 Declar.
1398 802 1534 868 super
1547 805 1659 852 min.
1674 804 1814 869 praeb.

281 873 546 941 Qomodo
567 869 817 936 puniantur
838 870 917 934 qui
939 868 1165 917 violentas
1185 866 1399 933 injiciunt
1423 887 1586 920 manus
1603 871 1811 937 personis
1824 866 2190 920 Ecclesiasticis.f.
2204 883 2286 931 45.

188 1012 200 1024 ο
243 940 568 1062 fBeneficium
602 938 739 987 datur
767 949 965 1005 propter
998 933 1228 997 officium,
1256 945 1308 988 ut
1331 939 1411 1007 qui
1429 940 1628 990 deservit
1649 941 1795 996 altari,
1827 940 1989 990 vivere
2010 937 2152 989 debet
2177 952 2237 987 ex
2255 934 2317 986 al-

114 1024 215 1064 nrl.
263 1048 278 1067 .
340 1028 378 1070 ς.

285 1028 497 1129 ὅεςαηυς
517 1075 563 1125 in
585 1072 808 1124 Wilstria
835 1089 907 1122 10·
922 1088 1096 1122 marcas
1110 1072 1377 1123 reddituum
1393 1075 1605 1141 percipie.
1626 1075 1657 1123 f.
1670 1089 1754 1139 47.

266 1148 410 1265 fizide
433 1146 627 1211 sequens
650 1144 906 1198 statutum,
929 1142 1010 1191 ubi
1031 1142 1250 1191 Decanus
1278 1145 1328 1192 in
1350 1145 1571 1194 Wilstria
1605 1159 1676 1196 10.
1700 1156 1963 1193 marcarum
1988 1139 2191 1190 redditus
2214 1151 2320 1204 per«

116 1217 161 1268 ci
193 1217 241 1267 it.
277 1226 314 1265 'o
335 1253 345 1268 .
370 1217 478 1264 eod„
2428 1236 2431 1243 ,

163 1234 191 1285 p
285 1284 423 1350 Juxta
443 1280 841 1331 consuetudinem
869 1274 1075 1351 Ecclefiae
1093 1276 1266 1326 Hamb.
1284 1277 1374 1343 qua
1386 1292 1594 1334 cavetur,
1612 1279 1738 1345 quod
1753 1278 1881 1344 prior
1895 1271 1940 1324 in
1963 1273 2216 1340 adeptione
2234 1270 2320 1322 mi·

117 1353 244 1405 noris
275 1352 340 1402 est
364 1351 493 1418 prior
513 1352 559 1397 in
580 1347 862 1397 assecutione
884 1346 1089 1407 majoris.
2384 1333 2405 1339 ’“
2428 1346 2429 1352 ’

288 1422 435 1484 Super
469 1416 710 1466 residentia
742 1413 951 1463 facienda
981 1411 1028 1460 &
1050 1409 1323 1476 juramento
1345 1411 1599 1477 praestando
1622 1416 1681 1462 de
1705 1413 1878 1463 statutis
1908 1409 2128 1460 Ecclesiae.
2148 1406 2324 1470 fol.48.

117 1488 229 1539 Hoc
247 1488 311 1537 est
332 1483 617 1535 utiliffimum
636 1484 890 1534 Statutum,
914 1481 1041 1544 quod
1062 1481 1219 1546 saepius
1242 1480 1748 1546 relegendum‚omnes
1761 1482 1963 1531 redditus
1975 1477 2181 1528 secundo
2194 1490 2326 1525 anno

118 1557 450 1624 percipiuntur
474 1552 500 1600 a
525 1552 780 1600 Canonicis
805 1545 1072 1609 majoribus.
1481 1597 1485 1600 ⁴

291 1621 489 1672 Persona
509 1635 609 1685 quae
633 1629 851 1682 gravatur
873 1616 919 1663 in
941 1615 1067 1663 curia
1090 1613 1307 1663 Romana
1335 1615 1364 1663 ss
1389 1621 1536 1669 extra,
1563 1615 1654 1666 five
1675 1613 1850 1664 diresse
1872 1609 2154 1666 Lindireete,
2183 1609 2327 1659 talem

123 1691 461 1744 communibus
483 1686 690 1752 expensis
711 1684 1039 1733 defendemus.
1070 1682 1100 1730 f.
1122 1696 1198 1742 51.
2370 1678 2372 1681 ’

294 1760 400 1824 Jura
433 1758 566 1805 nobis
602 1753 651 1803 ὅ(
683 1751 870 1802 cuilibet
899 1748 1112 1799 nostrum
1142 1750 1463 1814 competentia
1494 1750 1730 1800 defensare
1750 1749 1974 1799 volumus
2008 1758 2172 1797 contra
2192 1757 2327 1812 quos-

121 1843 310 1895 cunque
329 1824 598 1879 violatoreS,
618 1820 950 1871 communibus
975 1817 1208 1867 laboribus
1228 1818 1277 1867 ὅ(
1300 1819 1519 1884 expensis.
1544 1820 1574 1867 f.
1595 1836 1665 1878 51.
1691 1820 1790 1868 fere
1815 1820 1858 1866 in
1883 1816 1992 1867 fine.

294 1892 609 1943 Confirmatio
631 1888 994 1938 Praebendarum
1017 1885 1065 1934 ὅ(
1087 1886 1375 1936 Vicariorum
1400 1889 1445 1936 in
1473 1887 1665 1937 Ecclesia
1690 1883 2045 1950 Hamburgensi.
2069 1882 2099 1936 f.
2119 1897 2193 1944 52.

296 1961 653 2011 Distributiones
679 1972 780 2023 quae
804 1957 939 2004 Bursa
963 1954 1205 2011 dicuntur,
1216 1955 1374 2005 saltem
1387 1972 1497 2006 cum
1513 1958 1748 2006 memoriis
1773 1952 2103 2004 defunc‘torurn
2117 1955 2162 2001 in
2177 1950 2329 2017 primo

126 2047 252 2084 anno
274 2030 529 2081 refidentiae
552 2028 798 2075 debentur.
829 2025 954 2087 f.48.
2181 2034 2196 2049 ·

297 2101 475 2148 Statuta
500 2098 604 2146 sunt
629 2095 865 2149 servanda,
890 2107 949 2140 ne
971 2091 1072 2156 quis
1094 2091 1275 2140 crimen
1300 2090 1487 2156 perjurii
1512 2092 1730 2140 incurrat.
1755 2091 1863 2139 vide
1900 2089 1926 2136 f.
1943 2095 2023 2150 48.
2419 2123 2421 2132 ,η

299 2169 476 2215 Ibidem
499 2165 680 2216 dicitur,
714 2163 842 2229 quod
864 2156 1001 2224 poffir
1024 2159 1297 2208 canonicus
1320 2160 1367 2209 in
1387 2175 1514 2209 anno
1533 2158 1777 2224 disciplinae
1797 2151 2332 2222 Computationibusin-
2388 2180 2391 2182 -
2418 2144 2433 2210 ⁵:

130 2234 311 2287 tereffe,
337 2234 365 2283 si
386 2249 468 2300 per
492 2232 766 2296 Capitulum
787 2229 1061 2290 admittitur,
1086 2226 1116 2274 fi
1140 2226 1251 2276 eod.
2430 2230 2433 2240 ¹

124 2322 126 2324 ’
300 2303 447 2351 Panes
481 2299 792 2366 praebendales
814 2297 891 2346 fibi
914 2294 1170 2345 ministrare
1191 2294 1432 2343 debebunt
1451 2294 1500 2342 in
1519 2309 1646 2343 anno
1668 2291 1927 2359 disciplinae,
1946 2291 1976 2340 s»
1998 2288 2204 2340 mensam
2227 2299 2332 2350 pro-

133 2371 241 2438 priis
265 2371 474 2436 expensis
490 2371 704 2419 tenuerit.
738 2369 766 2418 f.
791 2375 896 2429 ¹89.
2304 2366 2309 2369 ·

123 2453 127 2456 “
278 2465 280 2467 ·
305 2440 378 2488 De
405 2440 597 2505 panibus
622 2439 783 2486 dandis
805 2432 987 2484 familiae
1007 2429 1216 2481 defundi
1240 2430 1469 2479 canonici⁸
1494 2429 1521 2479 f
1540 2444 1621 2493 91.
1669 2491 1672 2494 ἢ
1901 2482 1910 2491 1

304 2509 510 2573 Qando
533 2507 805 2555 Canonicus
828 2502 1089 2551 admittitur
1115 2498 1164 2549 ὅ(
1183 2500 1420 2564 recipitur,
1429 2495 1621 2564 jurabit,
1637 2494 1965 2549 inviolabiliter
1976 2493 2240 2548 observare,
2254 2487 2333 2538 sub
2408 2539 2410 2550 ³

134 2574 287 2642 poenis
304 2575 351 2624 in
373 2575 559 2623 Statutis
585 2573 789 2623 Ecclesiae
809 2570 974 2620 nostrae
1004 2568 1262 2619 contentis.

540 2678 950 2802 Incipiunt
976 2672 1410 2797 Privilegia
1437 2668 1932 2798 Capitularia.
2011 2776 2014 2778 μ

313 2810 522 2879 Quidam
533 2811 711 2859 articuli
726 2813 771 2859 in
785 2812 877 2859 hoc
890 2811 1057 2860 statuto
1068 2803 1415 2861 enumerantur,
1429 2823 1544 2872 quos
1559 2804 1951 2870 Archiepiscopus
1964 2802 2116 2850 Brem.
2132 2799 2334 2850 Ecclesiae
2404 2831 2405 2844 ,

141 2878 482 2944 Hamburgenfi
516 2876 816 2928 confirmavit
835 2877 882 2926 <St
906 2880 1085 2928 servare
1120 2875 1353 2927 teneturf.
1384 2884 1455 2936 58.
1492 2877 1569 2925 ubi
1592 2872 1808 2926 habetur,
1833 2870 1962 2938 quod
1990 2871 2213 2936 Arcbiep.
2236 2883 2333 2937 non
2402 2918 2403 2921 ,

140 2947 672 3018 gravabit.(3anonicum
694 2946 739 2994 in
761 2947 846 2994 suis
876 2947 1128 2998 beneficiis·

290 3017 535 3065 iDecanus
557 3014 698 3061 habet
718 3014 926 3061 bannum
945 3015 989 3062 in
1019 3013 1238 3062 Sulvelde
1259 3010 1307 3059 ὃς
1330 3011 1471 3065 Bilne.
1494 3013 1523 3063 f.
1544 3010 1641 3073 582,
1691 3063 1694 3068 ,
1827 3056 1830 3060 .

313 3084 447 3133 Nota
475 3083 526 3134 in
546 3082 649 3133 calu
669 3083 842 3132 annexi
862 3081 1074 3133 beneficii
1095 3093 1259 3132 contra
1278 3070 1706 3149 Archiepiscop‘nm
1722 3075 1824 3146 post
1845 3069 2067 3128 mortem.

2205 3133 2336 3205 Qid
2399 3118 2401 3157 ³
