<?xml version="1.0" encoding="UTF-8"?>
<!DOCTYPE html PUBLIC "-//W3C//DTD XHTML 1.0 Transitional//EN"
    "http://www.w3.org/TR/xhtml1/DTD/xhtml1-transitional.dtd">
<html xmlns="http://www.w3.org/1999/xhtml" xml:lang="en" lang="en">
 <head>
  <title>
</title>
<meta http-equiv="Content-Type" content="text/html;charset=utf-8" />
  <meta name='ocr-system' content='tesseract 3.04.00' />
  <meta name='ocr-capabilities' content='ocr_page ocr_carea ocr_par ocr_line ocrx_word'/>
</head>
<body>
  <div class='ocr_page' id='page_1' title='image "./historiaecclesia01stap_0216.png"; bbox 0 0 2498 3401; ppageno 0'>
   <div class='ocr_carea' id='block_1_1' title="bbox 249 262 341 310">
    <p class='ocr_par' dir='ltr' id='par_1_1' title="bbox 249 262 341 310">
     <span class='ocr_line' id='line_1_1' title="bbox 249 262 341 310; baseline 0 -14"><span class='ocrx_word' id='word_1_1' title='bbox 249 262 341 310; x_wconf 88' lang='lat'>152</span> 
     </span>
    </p>
   </div>
   <div class='ocr_carea' id='block_1_2' title="bbox 255 327 2308 348">
    <p class='ocr_par' dir='ltr' id='par_1_2' title="bbox 255 327 2308 348">
     <span class='ocr_line' id='line_1_2' title="bbox 255 327 2308 348; baseline 0 3053"><span class='ocrx_word' id='word_1_2' title='bbox 255 327 2308 348; x_wconf 95' lang='lat' dir='ltr'> </span> 
     </span>
    </p>
   </div>
   <div class='ocr_carea' id='block_1_3' title="bbox 418 649 497 689">
    <p class='ocr_par' dir='ltr' id='par_1_3' title="bbox 418 649 497 689">
     <span class='ocr_line' id='line_1_3' title="bbox 418 649 497 689; baseline -0.013 -5"><span class='ocrx_word' id='word_1_3' title='bbox 418 649 497 689; x_wconf 76' lang='lat'>20.</span> 
     </span>
    </p>
   </div>
   <div class='ocr_carea' id='block_1_4' title="bbox 412 1454 489 1493">
    <p class='ocr_par' dir='ltr' id='par_1_4' title="bbox 412 1454 489 1493">
     <span class='ocr_line' id='line_1_4' title="bbox 412 1454 489 1493; baseline 0.052 -5"><span class='ocrx_word' id='word_1_4' title='bbox 412 1454 489 1493; x_wconf 70' lang='lat'>100</span> 
     </span>
    </p>
   </div>
   <div class='ocr_carea' id='block_1_5' title="bbox 410 1795 487 1842">
    <p class='ocr_par' dir='ltr' id='par_1_5' title="bbox 410 1795 487 1842">
     <span class='ocr_line' id='line_1_5' title="bbox 410 1795 487 1842; baseline 0.039 -13"><span class='ocrx_word' id='word_1_5' title='bbox 410 1795 487 1842; x_wconf 82' lang='lat'>15.</span> 
     </span>
    </p>
   </div>
   <div class='ocr_carea' id='block_1_6' title="bbox 399 2132 483 2173">
    <p class='ocr_par' dir='ltr' id='par_1_6' title="bbox 399 2132 483 2173">
     <span class='ocr_line' id='line_1_6' title="bbox 399 2132 483 2173; baseline -0.024 -5"><span class='ocrx_word' id='word_1_6' title='bbox 399 2132 483 2173; x_wconf 79' lang='lat'>20.</span> 
     </span>
    </p>
   </div>
   <div class='ocr_carea' id='block_1_7' title="bbox 404 2471 484 2520">
    <p class='ocr_par' dir='ltr' id='par_1_7' title="bbox 404 2471 484 2520">
     <span class='ocr_line' id='line_1_7' title="bbox 404 2471 484 2520; baseline -0.038 -14"><span class='ocrx_word' id='word_1_7' title='bbox 404 2471 484 2520; x_wconf 90' lang='lat'>25.</span> 
     </span>
    </p>
   </div>
   <div class='ocr_carea' id='block_1_8' title="bbox 406 2810 481 2859">
    <p class='ocr_par' dir='ltr' id='par_1_8' title="bbox 406 2810 481 2859">
     <span class='ocr_line' id='line_1_8' title="bbox 406 2810 481 2859; baseline 0.013 -17"><span class='ocrx_word' id='word_1_8' title='bbox 406 2810 481 2859; x_wconf 56' lang='grc' dir='ltr'>ΞΘ.</span> 
     </span>
    </p>
   </div>
   <div class='ocr_carea' id='block_1_9' title="bbox 1061 240 1600 303">
    <p class='ocr_par' dir='ltr' id='par_1_9' title="bbox 1061 240 1600 303">
     <span class='ocr_line' id='line_1_9' title="bbox 1061 240 1600 303; baseline 0.013 -16"><span class='ocrx_word' id='word_1_9' title='bbox 1061 240 1116 292; x_wconf 81' lang='grc' dir='ltr'>ΙΙ.</span> <span class='ocrx_word' id='word_1_10' title='bbox 1151 240 1261 289; x_wconf 88' lang='lat' dir='ltr'>Vita</span> <span class='ocrx_word' id='word_1_11' title='bbox 1277 242 1319 293; x_wconf 81' lang='lat' dir='ltr'>S.</span> <span class='ocrx_word' id='word_1_12' title='bbox 1335 243 1600 303; x_wconf 79' lang='lat' dir='ltr'>Anscharii,</span> 
     </span>
    </p>
   </div>
   <div class='ocr_carea' id='block_1_10' title="bbox 546 358 1837 696">
    <p class='ocr_par' dir='ltr' id='par_1_10' title="bbox 547 358 1758 495">
     <span class='ocr_line' id='line_1_10' title="bbox 548 358 1758 427; baseline 0.006 -20"><span class='ocrx_word' id='word_1_13' title='bbox 548 359 640 408; x_wconf 88' lang='lat' dir='ltr'>Vel</span> <span class='ocrx_word' id='word_1_14' title='bbox 667 359 818 422; x_wconf 86' lang='lat' dir='ltr'>potius</span> <span class='ocrx_word' id='word_1_15' title='bbox 833 374 939 406; x_wconf 87' lang='lat' dir='ltr'>cum</span> <span class='ocrx_word' id='word_1_16' title='bbox 955 358 1090 422; x_wconf 77' lang='lat' dir='ltr'>Rege</span> <span class='ocrx_word' id='word_1_17' title='bbox 1109 372 1340 421; x_wconf 82' lang='lat' dir='ltr'>maneret,</span> <span class='ocrx_word' id='word_1_18' title='bbox 1363 374 1417 410; x_wconf 91' lang='lat' dir='ltr'>ut</span> <span class='ocrx_word' id='word_1_19' title='bbox 1437 363 1487 411; x_wconf 88' lang='lat' dir='ltr'>in</span> <span class='ocrx_word' id='word_1_20' title='bbox 1509 362 1758 427; x_wconf 75' lang='lat' dir='ltr'>regionem</span> 
     </span>
     <span class='ocr_line' id='line_1_11' title="bbox 547 427 1602 495; baseline -0.001 -17"><span class='ocrx_word' id='word_1_21' title='bbox 547 429 813 491; x_wconf 78' lang='lat' dir='ltr'>Anscbarius</span> <span class='ocrx_word' id='word_1_22' title='bbox 834 443 988 477; x_wconf 88' lang='lat' dir='ltr'>rerum</span> <span class='ocrx_word' id='word_1_23' title='bbox 1013 427 1204 474; x_wconf 86' lang='lat' dir='ltr'>Domini</span> <span class='ocrx_word' id='word_1_24' title='bbox 1230 427 1408 495; x_wconf 82' lang='lat' dir='ltr'>legatus</span> <span class='ocrx_word' id='word_1_25' title='bbox 1437 432 1602 479; x_wconf 89' lang='lat' dir='ltr'>abiret.</span> 
     </span>
    </p>

    <p class='ocr_par' dir='ltr' id='par_1_11' title="bbox 546 494 1837 696">
     <span class='ocr_line' id='line_1_12' title="bbox 546 494 1726 563; baseline -0.001 -16"><span class='ocrx_word' id='word_1_26' title='bbox 546 500 667 563; x_wconf 82' lang='lat' dir='ltr'>Ergo</span> <span class='ocrx_word' id='word_1_27' title='bbox 682 498 764 545; x_wconf 87' lang='lat' dir='ltr'>Dei</span> <span class='ocrx_word' id='word_1_28' title='bbox 787 512 985 562; x_wconf 82' lang='lat' dir='ltr'>propere</span> <span class='ocrx_word' id='word_1_29' title='bbox 1008 494 1210 542; x_wconf 71' lang='lat' dir='ltr'>famulus</span> <span class='ocrx_word' id='word_1_30' title='bbox 1232 511 1511 551; x_wconf 87' lang='lat' dir='ltr'>revocatur,</span> <span class='ocrx_word' id='word_1_31' title='bbox 1534 497 1582 546; x_wconf 67' lang='grc' dir='ltr'>ὅ(</span> <span class='ocrx_word' id='word_1_32' title='bbox 1601 510 1726 552; x_wconf 82' lang='lat' dir='ltr'>ante,</span> 
     </span>
     <span class='ocr_line' id='line_1_13' title="bbox 553 561 1680 632; baseline -0.001 -18"><span class='ocrx_word' id='word_1_33' title='bbox 553 568 714 632; x_wconf 81' lang='lat' dir='ltr'>Qam</span> <span class='ocrx_word' id='word_1_34' title='bbox 738 566 930 614; x_wconf 79' lang='lat' dir='ltr'>veniens</span> <span class='ocrx_word' id='word_1_35' title='bbox 951 564 1093 612; x_wconf 84' lang='lat' dir='ltr'>oculis</span> <span class='ocrx_word' id='word_1_36' title='bbox 1114 561 1333 612; x_wconf 73' lang='lat' dir='ltr'>assisteret</span> <span class='ocrx_word' id='word_1_37' title='bbox 1357 566 1680 630; x_wconf 80' lang='lat' dir='ltr'>imperitantis,</span> 
     </span>
     <span class='ocr_line' id='line_1_14' title="bbox 547 633 1837 696; baseline -0.002 -11"><span class='ocrx_word' id='word_1_38' title='bbox 547 635 817 685; x_wconf 76' lang='lat' dir='ltr'>Attondere</span> <span class='ocrx_word' id='word_1_39' title='bbox 849 636 895 696; x_wconf 74' lang='grc' dir='ltr'>ι)</span> <span class='ocrx_word' id='word_1_40' title='bbox 914 648 1102 682; x_wconf 87' lang='lat' dir='ltr'>comam</span> <span class='ocrx_word' id='word_1_41' title='bbox 1126 633 1421 696; x_wconf 83' lang='lat' dir='ltr'>prohibetur,</span> <span class='ocrx_word' id='word_1_42' title='bbox 1444 635 1606 681; x_wconf 86' lang='lat' dir='ltr'>radere</span> <span class='ocrx_word' id='word_1_43' title='bbox 1633 633 1837 684; x_wconf 76' lang='lat' dir='ltr'>barbam.</span> 
     </span>
    </p>
   </div>
   <div class='ocr_carea' id='block_1_11' title="bbox 1046 731 1385 784">
    <p class='ocr_par' dir='ltr' id='par_1_12' title="bbox 1046 731 1385 784">
     <span class='ocr_line' id='line_1_15' title="bbox 1046 731 1385 784; baseline 0.009 -3"><span class='ocrx_word' id='word_1_44' title='bbox 1046 731 1180 784; x_wconf 73' lang='lat' dir='ltr'>CA-P,</span> <span class='ocrx_word' id='word_1_45' title='bbox 1215 733 1385 784; x_wconf 63' lang='lat' dir='ltr'>xxm,</span> 
     </span>
    </p>
   </div>
   <div class='ocr_carea' id='block_1_12' title="bbox 663 815 1774 880">
    <p class='ocr_par' dir='ltr' id='par_1_13' title="bbox 663 815 1774 880">
     <span class='ocr_line' id='line_1_16' title="bbox 663 815 1774 880; baseline -0.002 -17"><span class='ocrx_word' id='word_1_46' title='bbox 663 819 872 880; x_wconf 76' lang='lat' dir='ltr'>Principis</span> <span class='ocrx_word' id='word_1_47' title='bbox 902 817 965 863; x_wconf 83' lang='lat' dir='ltr'>ad</span> <span class='ocrx_word' id='word_1_48' title='bbox 978 831 1133 862; x_wconf 80' lang='lat' dir='ltr'>nutum</span> <span class='ocrx_word' id='word_1_49' title='bbox 1146 816 1266 876; x_wconf 81' lang='lat' dir='ltr'><em>subit</em></span> <span class='ocrx_word' id='word_1_50' title='bbox 1292 818 1409 862; x_wconf 86' lang='lat' dir='ltr'>ultro</span> <span class='ocrx_word' id='word_1_51' title='bbox 1430 815 1607 876; x_wconf 78' lang='lat' dir='ltr'>negotia</span> <span class='ocrx_word' id='word_1_52' title='bbox 1629 829 1774 862; x_wconf 80' lang='lat' dir='ltr'>rerum</span> 
     </span>
    </p>
   </div>
   <div class='ocr_carea' id='block_1_13' title="bbox 527 890 1844 2925">
    <p class='ocr_par' dir='ltr' id='par_1_14' title="bbox 549 890 1563 954">
     <span class='ocr_line' id='line_1_17' title="bbox 549 890 1563 954; baseline -0.003 -14"><span class='ocrx_word' id='word_1_53' title='bbox 549 891 705 942; x_wconf 78' lang='lat' dir='ltr'>Militis</span> <span class='ocrx_word' id='word_1_54' title='bbox 729 892 885 942; x_wconf 67' lang='lat' dir='ltr'>inviffl</span> <span class='ocrx_word' id='word_1_55' title='bbox 909 907 1042 939; x_wconf 89' lang='lat' dir='ltr'>mens</span> <span class='ocrx_word' id='word_1_56' title='bbox 1067 890 1246 954; x_wconf 81' lang='lat' dir='ltr'>praescia</span> <span class='ocrx_word' id='word_1_57' title='bbox 1269 891 1312 939; x_wconf 81' lang='lat' dir='ltr'>se</span> <span class='ocrx_word' id='word_1_58' title='bbox 1334 890 1563 943; x_wconf 54' lang='lat' dir='ltr'>revocari,</span> 
     </span>
    </p>

    <p class='ocr_par' dir='ltr' id='par_1_15' title="bbox 535 958 1772 1495">
     <span class='ocr_line' id='line_1_18' title="bbox 548 958 1663 1025; baseline -0.004 -16"><span class='ocrx_word' id='word_1_59' title='bbox 548 962 625 1009; x_wconf 86' lang='lat' dir='ltr'>Ad</span> <span class='ocrx_word' id='word_1_60' title='bbox 646 963 843 1010; x_wconf 83' lang='lat' dir='ltr'>studium</span> <span class='ocrx_word' id='word_1_61' title='bbox 869 974 1036 1025; x_wconf 76' lang='lat' dir='ltr'>pugnae</span> <span class='ocrx_word' id='word_1_62' title='bbox 1051 959 1218 1006; x_wconf 75' lang='lat' dir='ltr'>Christi</span> <span class='ocrx_word' id='word_1_63' title='bbox 1244 958 1465 1024; x_wconf 81' lang='lat' dir='ltr'>flagrabat</span> <span class='ocrx_word' id='word_1_64' title='bbox 1485 972 1663 1010; x_wconf 86' lang='lat' dir='ltr'>amore,</span> 
     </span>
     <span class='ocr_line' id='line_1_19' title="bbox 541 1026 1772 1092; baseline -0.002 -14"><span class='ocrx_word' id='word_1_65' title='bbox 541 1032 703 1078; x_wconf 84' lang='lat' dir='ltr'>Omne</span> <span class='ocrx_word' id='word_1_66' title='bbox 726 1032 907 1077; x_wconf 87' lang='lat' dir='ltr'>bonum</span> <span class='ocrx_word' id='word_1_67' title='bbox 933 1042 1056 1075; x_wconf 88' lang='lat' dir='ltr'>ratus</span> <span class='ocrx_word' id='word_1_68' title='bbox 1076 1026 1317 1092; x_wconf 83' lang='lat' dir='ltr'>invigilare</span> <span class='ocrx_word' id='word_1_69' title='bbox 1337 1028 1471 1077; x_wconf 89' lang='lat' dir='ltr'>lucris</span> <span class='ocrx_word' id='word_1_70' title='bbox 1495 1027 1772 1075; x_wconf 84' lang='lat' dir='ltr'>animarum.</span> 
     </span>
     <span class='ocr_line' id='line_1_20' title="bbox 535 1093 1702 1161; baseline -0.004 -16"><span class='ocrx_word' id='word_1_71' title='bbox 535 1098 781 1161; x_wconf 85' lang='lat' dir='ltr'>Proposuit</span> <span class='ocrx_word' id='word_1_72' title='bbox 801 1097 1030 1160; x_wconf 81' lang='lat' dir='ltr'>patienter</span> <span class='ocrx_word' id='word_1_73' title='bbox 1051 1097 1200 1144; x_wconf 86' lang='lat' dir='ltr'>homo</span> <span class='ocrx_word' id='word_1_74' title='bbox 1224 1096 1432 1161; x_wconf 87' lang='lat' dir='ltr'>perferre</span> <span class='ocrx_word' id='word_1_75' title='bbox 1456 1093 1702 1160; x_wconf 81' lang='lat' dir='ltr'>periclum,</span> 
     </span>
     <span class='ocr_line' id='line_1_21' title="bbox 539 1161 1648 1226; baseline -0.006 -13"><span class='ocrx_word' id='word_1_76' title='bbox 539 1165 654 1213; x_wconf 79' lang='lat' dir='ltr'>Haec</span> <span class='ocrx_word' id='word_1_77' title='bbox 678 1166 705 1212; x_wconf 76' lang='lat' dir='ltr'>si</span> <span class='ocrx_word' id='word_1_78' title='bbox 727 1165 848 1212; x_wconf 86' lang='lat' dir='ltr'>forte</span> <span class='ocrx_word' id='word_1_79' title='bbox 869 1164 946 1211; x_wconf 85' lang='lat' dir='ltr'>sibi</span> <span class='ocrx_word' id='word_1_80' title='bbox 970 1164 1044 1212; x_wconf 86' lang='lat' dir='ltr'>via</span> <span class='ocrx_word' id='word_1_81' title='bbox 1070 1165 1178 1226; x_wconf 82' lang='lat' dir='ltr'>quid</span> <span class='ocrx_word' id='word_1_82' title='bbox 1201 1163 1450 1226; x_wconf 80' lang='lat' dir='ltr'>peperisset</span> <span class='ocrx_word' id='word_1_83' title='bbox 1473 1161 1648 1215; x_wconf 82' lang='lat' dir='ltr'>acerbi,</span> 
     </span>
     <span class='ocr_line' id='line_1_22' title="bbox 540 1225 1702 1297; baseline -0.006 -16"><span class='ocrx_word' id='word_1_84' title='bbox 540 1234 677 1281; x_wconf 88' lang='lat' dir='ltr'>Neve</span> <span class='ocrx_word' id='word_1_85' title='bbox 700 1248 780 1297; x_wconf 89' lang='lat' dir='ltr'>per</span> <span class='ocrx_word' id='word_1_86' title='bbox 801 1228 1030 1279; x_wconf 61' lang='lat' dir='ltr'>anfrafflus</span> <span class='ocrx_word' id='word_1_87' title='bbox 1053 1243 1236 1294; x_wconf 85' lang='lat' dir='ltr'>raperet</span> <span class='ocrx_word' id='word_1_88' title='bbox 1258 1229 1490 1277; x_wconf 82' lang='lat' dir='ltr'>dubitatio</span> <span class='ocrx_word' id='word_1_89' title='bbox 1523 1225 1702 1292; x_wconf 57' lang='lat' dir='ltr'>petius,</span> 
     </span>
     <span class='ocr_line' id='line_1_23' title="bbox 540 1296 1654 1361; baseline -0.004 -11"><span class='ocrx_word' id='word_1_90' title='bbox 540 1302 774 1350; x_wconf 86' lang='lat' dir='ltr'>Fundarat</span> <span class='ocrx_word' id='word_1_91' title='bbox 797 1310 973 1347; x_wconf 73' lang='lat' dir='ltr'>certam</span> <span class='ocrx_word' id='word_1_92' title='bbox 995 1299 1122 1361; x_wconf 81' lang='lat' dir='ltr'>spem</span> <span class='ocrx_word' id='word_1_93' title='bbox 1144 1299 1275 1347; x_wconf 86' lang='lat' dir='ltr'>cordi</span> <span class='ocrx_word' id='word_1_94' title='bbox 1296 1298 1405 1346; x_wconf 86' lang='lat' dir='ltr'>vifio</span> <span class='ocrx_word' id='word_1_95' title='bbox 1427 1296 1654 1361; x_wconf 80' lang='lat' dir='ltr'>quaedam.</span> 
     </span>
     <span class='ocr_line' id='line_1_24' title="bbox 538 1367 1742 1431; baseline -0.007 -13"><span class='ocrx_word' id='word_1_96' title='bbox 538 1368 770 1418; x_wconf 88' lang='lat' dir='ltr'>Incoleret</span> <span class='ocrx_word' id='word_1_97' title='bbox 794 1367 1039 1431; x_wconf 64' lang='lat' dir='ltr'>primaevus</span> <span class='ocrx_word' id='word_1_98' title='bbox 1062 1368 1213 1414; x_wconf 86' lang='lat' dir='ltr'>adhuc</span> <span class='ocrx_word' id='word_1_99' title='bbox 1236 1381 1333 1430; x_wconf 88' lang='lat' dir='ltr'>quo</span> <span class='ocrx_word' id='word_1_100' title='bbox 1355 1378 1573 1428; x_wconf 86' lang='lat' dir='ltr'>tempore</span> <span class='ocrx_word' id='word_1_101' title='bbox 1597 1375 1742 1411; x_wconf 76' lang='lat' dir='ltr'>cunas</span> 
     </span>
     <span class='ocr_line' id='line_1_25' title="bbox 541 1434 1490 1495; baseline -0.004 -12"><span class='ocrx_word' id='word_1_102' title='bbox 541 1443 701 1483; x_wconf 76' lang='lat' dir='ltr'>Matris</span> <span class='ocrx_word' id='word_1_103' title='bbox 716 1436 891 1495; x_wconf 78' lang='lat' dir='ltr'>Corhejae</span> <span class='ocrx_word' id='word_1_104' title='bbox 911 1434 1066 1483; x_wconf 84' lang='lat' dir='ltr'>solitus</span> <span class='ocrx_word' id='word_1_105' title='bbox 1089 1448 1290 1482; x_wconf 88' lang='lat' dir='ltr'>ventura</span> <span class='ocrx_word' id='word_1_106' title='bbox 1312 1434 1490 1488; x_wconf 83' lang='lat' dir='ltr'>videre,</span> 
     </span>
    </p>

    <p class='ocr_par' dir='ltr' id='par_1_16' title="bbox 537 1497 1575 1567">
     <span class='ocr_line' id='line_1_26' title="bbox 537 1497 1575 1567; baseline -0.008 -14"><span class='ocrx_word' id='word_1_107' title='bbox 537 1506 716 1553; x_wconf 83' lang='lat' dir='ltr'>Intuitu</span> <span class='ocrx_word' id='word_1_108' title='bbox 738 1505 908 1552; x_wconf 83' lang='lat' dir='ltr'>mentis</span> <span class='ocrx_word' id='word_1_109' title='bbox 927 1517 1010 1566; x_wconf 89' lang='lat' dir='ltr'>per</span> <span class='ocrx_word' id='word_1_110' title='bbox 1033 1502 1210 1548; x_wconf 87' lang='lat' dir='ltr'>somnia</span> <span class='ocrx_word' id='word_1_111' title='bbox 1239 1502 1375 1567; x_wconf 89' lang='lat' dir='ltr'>plena</span> <span class='ocrx_word' id='word_1_112' title='bbox 1399 1497 1575 1564; x_wconf 81' lang='lat' dir='ltr'>figuris.</span> 
     </span>
    </p>

    <p class='ocr_par' dir='ltr' id='par_1_17' title="bbox 537 1560 1844 1702">
     <span class='ocr_line' id='line_1_27' title="bbox 537 1560 1844 1635; baseline -0.008 -14"><span class='ocrx_word' id='word_1_113' title='bbox 537 1573 740 1621; x_wconf 87' lang='lat' dir='ltr'>Lumine</span> <span class='ocrx_word' id='word_1_114' title='bbox 760 1571 1061 1635; x_wconf 76' lang='lat' dir='ltr'>conspicuam</span> <span class='ocrx_word' id='word_1_115' title='bbox 1085 1584 1167 1631; x_wconf 88' lang='lat' dir='ltr'>per</span> <span class='ocrx_word' id='word_1_116' title='bbox 1195 1569 1416 1617; x_wconf 87' lang='lat' dir='ltr'>somnum</span> <span class='ocrx_word' id='word_1_117' title='bbox 1440 1565 1637 1617; x_wconf 84' lang='lat' dir='ltr'>venitin</span> <span class='ocrx_word' id='word_1_118' title='bbox 1656 1560 1809 1613; x_wconf 69' lang='lat' dir='ltr'>aulam</span> <span class='ocrx_word' id='word_1_119' title='bbox 1829 1578 1844 1610; x_wconf 70' lang='lat' dir='ltr'><strong><em>z</em></strong></span> 
     </span>
     <span class='ocr_line' id='line_1_28' title="bbox 539 1635 1564 1702; baseline -0.008 -13"><span class='ocrx_word' id='word_1_120' title='bbox 539 1642 736 1689; x_wconf 84' lang='lat' dir='ltr'>Interius</span> <span class='ocrx_word' id='word_1_121' title='bbox 758 1654 872 1689; x_wconf 91' lang='lat' dir='ltr'>vero</span> <span class='ocrx_word' id='word_1_122' title='bbox 890 1635 1151 1685; x_wconf 67' lang='lat' dir='ltr'>nouorum</span> <span class='ocrx_word' id='word_1_123' title='bbox 1176 1638 1401 1702; x_wconf 86' lang='lat' dir='ltr'>plurimus</span> <span class='ocrx_word' id='word_1_124' title='bbox 1421 1636 1564 1691; x_wconf 87' lang='lat' dir='ltr'>ord0,</span> 
     </span>
    </p>

    <p class='ocr_par' dir='ltr' id='par_1_18' title="bbox 534 1704 1584 1771">
     <span class='ocr_line' id='line_1_29' title="bbox 534 1704 1584 1771; baseline -0.004 -13"><span class='ocrx_word' id='word_1_125' title='bbox 534 1710 696 1758; x_wconf 79' lang='lat' dir='ltr'>Stabat</span> <span class='ocrx_word' id='word_1_126' title='bbox 711 1709 770 1756; x_wconf 83' lang='lat' dir='ltr'>ad</span> <span class='ocrx_word' id='word_1_127' title='bbox 789 1704 997 1755; x_wconf 86' lang='lat' dir='ltr'>officium</span> <span class='ocrx_word' id='word_1_128' title='bbox 1022 1706 1150 1753; x_wconf 88' lang='lat' dir='ltr'>verbi</span> <span class='ocrx_word' id='word_1_129' title='bbox 1177 1707 1361 1768; x_wconf 87' lang='lat' dir='ltr'>prodire</span> <span class='ocrx_word' id='word_1_130' title='bbox 1382 1716 1584 1771; x_wconf 78' lang='lat' dir='ltr'>paratus·</span> 
     </span>
    </p>

    <p class='ocr_par' dir='ltr' id='par_1_19' title="bbox 539 1773 1574 1839">
     <span class='ocr_line' id='line_1_30' title="bbox 539 1773 1574 1839; baseline -0.007 -14"><span class='ocrx_word' id='word_1_131' title='bbox 539 1779 590 1826; x_wconf 87' lang='lat' dir='ltr'>In</span> <span class='ocrx_word' id='word_1_132' title='bbox 602 1776 720 1824; x_wconf 83' lang='lat' dir='ltr'>facie</span> <span class='ocrx_word' id='word_1_133' title='bbox 743 1789 948 1839; x_wconf 88' lang='lat' dir='ltr'>quorum</span> <span class='ocrx_word' id='word_1_134' title='bbox 971 1773 1117 1821; x_wconf 84' lang='lat' dir='ltr'>subita</span> <span class='ocrx_word' id='word_1_135' title='bbox 1140 1775 1369 1837; x_wconf 84' lang='lat' dir='ltr'>vertigine</span> <span class='ocrx_word' id='word_1_136' title='bbox 1398 1785 1574 1838; x_wconf 85' lang='lat' dir='ltr'>raptus,</span> 
     </span>
    </p>

    <p class='ocr_par' dir='ltr' id='par_1_20' title="bbox 534 1841 1440 1907">
     <span class='ocr_line' id='line_1_31' title="bbox 534 1841 1440 1907; baseline -0.004 -14"><span class='ocrx_word' id='word_1_137' title='bbox 534 1846 594 1893; x_wconf 86' lang='lat' dir='ltr'>Se</span> <span class='ocrx_word' id='word_1_138' title='bbox 615 1844 748 1892; x_wconf 87' lang='lat' dir='ltr'>radiis</span> <span class='ocrx_word' id='word_1_139' title='bbox 764 1843 932 1890; x_wconf 87' lang='lat' dir='ltr'>Phoebi</span> <span class='ocrx_word' id='word_1_140' title='bbox 959 1841 1182 1891; x_wconf 89' lang='lat' dir='ltr'>vallatum</span> <span class='ocrx_word' id='word_1_141' title='bbox 1204 1842 1440 1907; x_wconf 75' lang='lat' dir='ltr'>fulgidiori</span> 
     </span>
    </p>

    <p class='ocr_par' dir='ltr' id='par_1_21' title="bbox 536 1905 1636 2030">
     <span class='ocr_line' id='line_1_32' title="bbox 536 1905 1636 1974; baseline -0.008 -10"><span class='ocrx_word' id='word_1_142' title='bbox 536 1913 731 1964; x_wconf 86' lang='lat' dir='ltr'>AEthere</span> <span class='ocrx_word' id='word_1_143' title='bbox 761 1909 948 1974; x_wconf 90' lang='lat' dir='ltr'>delapso</span> <span class='ocrx_word' id='word_1_144' title='bbox 971 1909 1210 1974; x_wconf 76' lang='lat' dir='ltr'>splendere</span> <span class='ocrx_word' id='word_1_145' title='bbox 1234 1912 1421 1959; x_wconf 85' lang='lat' dir='ltr'>videbat</span> <span class='ocrx_word' id='word_1_146' title='bbox 1443 1908 1500 1956; x_wconf 85' lang='lat' dir='ltr'>ab</span> <span class='ocrx_word' id='word_1_147' title='bbox 1525 1905 1636 1956; x_wconf 78' lang='lat' dir='ltr'>alto,</span> 
     </span>
     <span class='ocr_line' id='line_1_33' title="bbox 538 1977 1509 2030; baseline -0.007 0"><span class='ocrx_word' id='word_1_148' title='bbox 538 1978 772 2030; x_wconf 86' lang='lat' dir='ltr'>Deficiens</span> <span class='ocrx_word' id='word_1_149' title='bbox 793 1979 938 2027; x_wconf 85' lang='lat' dir='ltr'>oculis</span> <span class='ocrx_word' id='word_1_150' title='bbox 960 1986 1089 2027; x_wconf 87' lang='lat' dir='ltr'>tanta</span> <span class='ocrx_word' id='word_1_151' title='bbox 1113 1980 1372 2027; x_wconf 81' lang='lat' dir='ltr'>vibramine</span> <span class='ocrx_word' id='word_1_152' title='bbox 1394 1977 1509 2024; x_wconf 82' lang='lat' dir='ltr'>lucis</span> 
     </span>
    </p>

    <p class='ocr_par' dir='ltr' id='par_1_22' title="bbox 534 2043 1801 2232">
     <span class='ocr_line' id='line_1_34' title="bbox 540 2043 1739 2111; baseline -0.006 -14"><span class='ocrx_word' id='word_1_153' title='bbox 540 2047 669 2097; x_wconf 83' lang='lat' dir='ltr'>Dum</span> <span class='ocrx_word' id='word_1_154' title='bbox 686 2047 838 2111; x_wconf 88' lang='lat' dir='ltr'>stupet</span> <span class='ocrx_word' id='word_1_155' title='bbox 858 2046 1060 2093; x_wconf 83' lang='lat' dir='ltr'>insonuit</span> <span class='ocrx_word' id='word_1_156' title='bbox 1082 2062 1178 2093; x_wconf 86' lang='lat' dir='ltr'>vox</span> <span class='ocrx_word' id='word_1_157' title='bbox 1198 2047 1345 2093; x_wconf 76' lang='lat' dir='ltr'>ferme</span> <span class='ocrx_word' id='word_1_158' title='bbox 1368 2043 1590 2092; x_wconf 82' lang='lat' dir='ltr'>fimillima</span> <span class='ocrx_word' id='word_1_159' title='bbox 1613 2043 1739 2097; x_wconf 86' lang='lat' dir='ltr'>voci,</span> 
     </span>
     <span class='ocr_line' id='line_1_35' title="bbox 537 2109 1801 2182; baseline 0 -20"><span class='ocrx_word' id='word_1_160' title='bbox 537 2117 695 2182; x_wconf 86' lang='lat' dir='ltr'>Qarn</span> <span class='ocrx_word' id='word_1_161' title='bbox 718 2114 842 2179; x_wconf 89' lang='lat' dir='ltr'>prius</span> <span class='ocrx_word' id='word_1_162' title='bbox 856 2113 1065 2160; x_wconf 86' lang='lat' dir='ltr'>audierat</span> <span class='ocrx_word' id='word_1_163' title='bbox 1085 2112 1250 2160; x_wconf 84' lang='lat' dir='ltr'>summi</span> <span class='ocrx_word' id='word_1_164' title='bbox 1274 2113 1415 2160; x_wconf 86' lang='lat' dir='ltr'>Patris</span> <span class='ocrx_word' id='word_1_165' title='bbox 1436 2122 1545 2157; x_wconf 86' lang='lat' dir='ltr'>ante</span> <span class='ocrx_word' id='word_1_166' title='bbox 1558 2109 1801 2163; x_wconf 68' lang='lat' dir='ltr'>Tribunah</span> 
     </span>
     <span class='ocr_line' id='line_1_36' title="bbox 534 2179 1603 2232; baseline -0.004 0"><span class='ocrx_word' id='word_1_167' title='bbox 534 2185 738 2232; x_wconf 78' lang='lat' dir='ltr'>Dicens:</span> <span class='ocrx_word' id='word_1_168' title='bbox 771 2181 885 2229; x_wconf 91' lang='lat' dir='ltr'>scito</span> <span class='ocrx_word' id='word_1_169' title='bbox 909 2192 1041 2227; x_wconf 85' lang='lat' dir='ltr'>tuum</span> <span class='ocrx_word' id='word_1_170' title='bbox 1065 2196 1141 2228; x_wconf 88' lang='lat' dir='ltr'>me</span> <span class='ocrx_word' id='word_1_171' title='bbox 1163 2179 1380 2229; x_wconf 75' lang='lat' dir='ltr'>delevisse</span> <span class='ocrx_word' id='word_1_172' title='bbox 1403 2190 1603 2232; x_wconf 81' lang='lat' dir='ltr'>reatum.</span> 
     </span>
    </p>

    <p class='ocr_par' dir='ltr' id='par_1_23' title="bbox 535 2246 1483 2317">
     <span class='ocr_line' id='line_1_37' title="bbox 535 2246 1483 2317; baseline -0.004 -19"><span class='ocrx_word' id='word_1_173' title='bbox 535 2252 662 2317; x_wconf 83' lang='lat' dir='ltr'>Qid</span> <span class='ocrx_word' id='word_1_174' title='bbox 685 2250 769 2306; x_wconf 83' lang='lat' dir='ltr'>vis,</span> <span class='ocrx_word' id='word_1_175' title='bbox 792 2252 969 2296; x_wconf 86' lang='lat' dir='ltr'>afflatus</span> <span class='ocrx_word' id='word_1_176' title='bbox 988 2249 1129 2296; x_wconf 82' lang='lat' dir='ltr'>divini</span> <span class='ocrx_word' id='word_1_177' title='bbox 1154 2246 1354 2296; x_wconf 69' lang='lat' dir='ltr'>flaminis</span> <span class='ocrx_word' id='word_1_178' title='bbox 1373 2262 1483 2295; x_wconf 89' lang='lat' dir='ltr'>aura</span> 
     </span>
    </p>

    <p class='ocr_par' dir='ltr' id='par_1_24' title="bbox 529 2313 1790 2790">
     <span class='ocr_line' id='line_1_38' title="bbox 534 2313 1758 2381; baseline -0.005 -13"><span class='ocrx_word' id='word_1_179' title='bbox 534 2320 613 2368; x_wconf 93' lang='lat' dir='ltr'>Ille</span> <span class='ocrx_word' id='word_1_180' title='bbox 633 2319 791 2370; x_wconf 85' lang='lat' dir='ltr'>refert,</span> <span class='ocrx_word' id='word_1_181' title='bbox 819 2331 868 2364; x_wconf 91' lang='lat' dir='ltr'>ut</span> <span class='ocrx_word' id='word_1_182' title='bbox 887 2317 1053 2381; x_wconf 80' lang='lat' dir='ltr'>agam?</span> <span class='ocrx_word' id='word_1_183' title='bbox 1085 2331 1180 2366; x_wconf 79' lang='lat' dir='ltr'>vox</span> <span class='ocrx_word' id='word_1_184' title='bbox 1203 2318 1350 2381; x_wconf 86' lang='lat' dir='ltr'>inquit</span> <span class='ocrx_word' id='word_1_185' title='bbox 1369 2332 1384 2376; x_wconf 83' lang='lat'><em>3</em></span> <span class='ocrx_word' id='word_1_186' title='bbox 1405 2318 1623 2379; x_wconf 84' lang='lat' dir='ltr'>gentibus</span> <span class='ocrx_word' id='word_1_187' title='bbox 1646 2313 1758 2363; x_wconf 79' lang='lat' dir='ltr'>insta</span> 
     </span>
     <span class='ocr_line' id='line_1_39' title="bbox 534 2383 1718 2450; baseline -0.004 -16"><span class='ocrx_word' id='word_1_188' title='bbox 534 2389 588 2435; x_wconf 88' lang='lat' dir='ltr'>In</span> <span class='ocrx_word' id='word_1_189' title='bbox 616 2386 833 2434; x_wconf 82' lang='lat' dir='ltr'>sermone</span> <span class='ocrx_word' id='word_1_190' title='bbox 848 2386 947 2433; x_wconf 89' lang='lat' dir='ltr'>Dei.</span> <span class='ocrx_word' id='word_1_191' title='bbox 990 2385 1148 2450; x_wconf 86' lang='lat' dir='ltr'>Qam</span> <span class='ocrx_word' id='word_1_192' title='bbox 1176 2387 1229 2447; x_wconf 61' lang='grc' dir='ltr'>ι)</span> <span class='ocrx_word' id='word_1_193' title='bbox 1256 2401 1355 2432; x_wconf 85' lang='lat' dir='ltr'>rem</span> <span class='ocrx_word' id='word_1_194' title='bbox 1378 2387 1446 2432; x_wconf 85' lang='lat' dir='ltr'>vir</span> <span class='ocrx_word' id='word_1_195' title='bbox 1470 2387 1544 2433; x_wconf 90' lang='lat' dir='ltr'>ille</span> <span class='ocrx_word' id='word_1_196' title='bbox 1568 2383 1718 2432; x_wconf 87' lang='lat' dir='ltr'>tenaci</span> 
     </span>
     <span class='ocr_line' id='line_1_40' title="bbox 537 2448 1790 2517; baseline -0.006 -14"><span class='ocrx_word' id='word_1_197' title='bbox 537 2453 821 2504; x_wconf 67' lang='lat' dir='ltr'>Pertrat&#39;cans</span> <span class='ocrx_word' id='word_1_198' title='bbox 848 2454 1262 2506; x_wconf 46' lang='lat' dir='ltr'>animosoomino</span> <span class='ocrx_word' id='word_1_199' title='bbox 1286 2452 1548 2517; x_wconf 84' lang='lat' dir='ltr'>plaudebat,</span> <span class='ocrx_word' id='word_1_200' title='bbox 1572 2468 1630 2500; x_wconf 91' lang='lat' dir='ltr'>eo</span> <span class='ocrx_word' id='word_1_201' title='bbox 1656 2448 1790 2515; x_wconf 84' lang='lat' dir='ltr'>quod</span> 
     </span>
     <span class='ocr_line' id='line_1_41' title="bbox 532 2520 1738 2590; baseline 0.002 -21"><span class='ocrx_word' id='word_1_202' title='bbox 532 2525 651 2590; x_wconf 81' lang='lat' dir='ltr'>Qae</span> <span class='ocrx_word' id='word_1_203' title='bbox 675 2521 890 2585; x_wconf 67' lang='lat' dir='ltr'>praedieta</span> <span class='ocrx_word' id='word_1_204' title='bbox 911 2520 1071 2569; x_wconf 86' lang='lat' dir='ltr'>forent</span> <span class='ocrx_word' id='word_1_205' title='bbox 1095 2523 1263 2585; x_wconf 88' lang='lat' dir='ltr'>partim</span> <span class='ocrx_word' id='word_1_206' title='bbox 1285 2522 1517 2583; x_wconf 78' lang='lat' dir='ltr'>completa</span> <span class='ocrx_word' id='word_1_207' title='bbox 1542 2522 1738 2572; x_wconf 72' lang='lat' dir='ltr'>videret·</span> 
     </span>
     <span class='ocr_line' id='line_1_42' title="bbox 531 2589 1542 2655; baseline -0.001 -16"><span class='ocrx_word' id='word_1_208' title='bbox 531 2593 586 2640; x_wconf 91' lang='lat' dir='ltr'>Et</span> <span class='ocrx_word' id='word_1_209' title='bbox 607 2589 921 2655; x_wconf 80' lang='lat' dir='ltr'>quia-virtutiS</span> <span class='ocrx_word' id='word_1_210' title='bbox 944 2591 1164 2637; x_wconf 87' lang='lat' dir='ltr'>meritum</span> <span class='ocrx_word' id='word_1_211' title='bbox 1189 2590 1353 2636; x_wconf 84' lang='lat' dir='ltr'>tritura</span> <span class='ocrx_word' id='word_1_212' title='bbox 1375 2589 1542 2638; x_wconf 80' lang='lat' dir='ltr'>laboris</span> 
     </span>
     <span class='ocr_line' id='line_1_43' title="bbox 532 2656 1657 2721; baseline -0.001 -14"><span class='ocrx_word' id='word_1_213' title='bbox 532 2656 829 2713; x_wconf 85' lang='lat' dir='ltr'>Accumulat,</span> <span class='ocrx_word' id='word_1_214' title='bbox 852 2657 1034 2721; x_wconf 87' lang='lat' dir='ltr'>populis</span> <span class='ocrx_word' id='word_1_215' title='bbox 1055 2658 1296 2705; x_wconf 87' lang='lat' dir='ltr'>Sveonum</span> <span class='ocrx_word' id='word_1_216' title='bbox 1315 2656 1469 2706; x_wconf 81' lang='lat' dir='ltr'>Praeco</span> <span class='ocrx_word' id='word_1_217' title='bbox 1489 2657 1657 2712; x_wconf 67' lang='lat' dir='ltr'>ffilutis,</span> 
     </span>
     <span class='ocr_line' id='line_1_44' title="bbox 529 2723 1589 2790; baseline 0.001 -15"><span class='ocrx_word' id='word_1_218' title='bbox 529 2727 745 2775; x_wconf 89' lang='lat' dir='ltr'>Ardebat</span> <span class='ocrx_word' id='word_1_219' title='bbox 767 2723 879 2773; x_wconf 83' lang='lat' dir='ltr'>fieri.</span> <span class='ocrx_word' id='word_1_220' title='bbox 894 2725 970 2772; x_wconf 88' lang='lat' dir='ltr'>sua</span> <span class='ocrx_word' id='word_1_221' title='bbox 993 2740 1199 2790; x_wconf 68' lang='lat' dir='ltr'>quaerere</span> <span class='ocrx_word' id='word_1_222' title='bbox 1215 2724 1343 2772; x_wconf 82' lang='lat' dir='ltr'>lucra</span> <span class='ocrx_word' id='word_1_223' title='bbox 1367 2724 1589 2776; x_wconf 84' lang='lat' dir='ltr'>Tonanti.</span> 
     </span>
    </p>

    <p class='ocr_par' dir='ltr' id='par_1_25' title="bbox 527 2792 1795 2925">
     <span class='ocr_line' id='line_1_45' title="bbox 527 2792 1788 2858; baseline -0.001 -15"><span class='ocrx_word' id='word_1_224' title='bbox 527 2796 647 2858; x_wconf 85' lang='lat' dir='ltr'>Ergo</span> <span class='ocrx_word' id='word_1_225' title='bbox 673 2795 750 2841; x_wconf 87' lang='lat' dir='ltr'>ubi</span> <span class='ocrx_word' id='word_1_226' title='bbox 773 2792 1267 2858; x_wconf 83' lang='lat' dir='ltr'>venitadAugustum,</span> <span class='ocrx_word' id='word_1_227' title='bbox 1295 2794 1534 2842; x_wconf 79' lang='lat' dir='ltr'>consultus</span> <span class='ocrx_word' id='word_1_228' title='bbox 1557 2794 1614 2842; x_wconf 89' lang='lat' dir='ltr'>ad</span> <span class='ocrx_word' id='word_1_229' title='bbox 1635 2793 1680 2843; x_wconf 87' lang='lat' dir='ltr'>id</span> <span class='ocrx_word' id='word_1_230' title='bbox 1711 2809 1788 2844; x_wconf 85' lang='lat' dir='ltr'>ne.</span> 
     </span>
     <span class='ocr_line' id='line_1_46' title="bbox 534 2860 1795 2925; baseline -0.002 -14"><span class='ocrx_word' id='word_1_231' title='bbox 534 2863 848 2925; x_wconf 81' lang='lat' dir='ltr'>Egrederetur</span> <span class='ocrx_word' id='word_1_232' title='bbox 876 2861 995 2910; x_wconf 83' lang='lat' dir='ltr'>iter?</span> <span class='ocrx_word' id='word_1_233' title='bbox 1015 2860 1247 2908; x_wconf 61' lang='lat' dir='ltr'>{afiorum</span> <span class='ocrx_word' id='word_1_234' title='bbox 1274 2864 1458 2910; x_wconf 85' lang='lat' dir='ltr'>noveris</span> <span class='ocrx_word' id='word_1_235' title='bbox 1478 2862 1579 2911; x_wconf 82' lang='lat' dir='ltr'>effe.</span> <span class='ocrx_word' id='word_1_236' title='bbox 1793 2900 1795 2903; x_wconf 88' lang='lat'><em>.</em></span> 
     </span>
    </p>
   </div>
   <div class='ocr_carea' id='block_1_14' title="bbox 534 2930 1870 2998">
    <p class='ocr_par' dir='ltr' id='par_1_26' title="bbox 534 2930 1870 2998">
     <span class='ocr_line' id='line_1_47' title="bbox 534 2930 1870 2998; baseline 0.002 -21"><span class='ocrx_word' id='word_1_237' title='bbox 534 2931 772 2998; x_wconf 85' lang='lat' dir='ltr'>Qicquid</span> <span class='ocrx_word' id='word_1_238' title='bbox 795 2944 885 2995; x_wconf 89' lang='lat' dir='ltr'>pro</span> <span class='ocrx_word' id='word_1_239' title='bbox 901 2930 1113 2980; x_wconf 88' lang='lat' dir='ltr'>Domino</span> <span class='ocrx_word' id='word_1_240' title='bbox 1134 2930 1424 2980; x_wconf 84' lang='lat' dir='ltr'>mandaveris</span> <span class='ocrx_word' id='word_1_241' title='bbox 1444 2964 1458 2990; x_wconf 83' lang='lat'>‚</span> <span class='ocrx_word' id='word_1_242' title='bbox 1477 2933 1652 2998; x_wconf 80' lang='lat' dir='ltr'>inquit,</span> <span class='ocrx_word' id='word_1_243' title='bbox 1670 2930 1870 2982; x_wconf 82' lang='lat' dir='ltr'>utultm.</span> 
     </span>
    </p>
   </div>
   <div class='ocr_carea' id='block_1_15' title="bbox 864 3110 1789 3167">
    <p class='ocr_par' dir='ltr' id='par_1_27' title="bbox 864 3110 1789 3167">
     <span class='ocr_line' id='line_1_48' title="bbox 864 3110 1789 3167; baseline 0.004 -11"><span class='ocrx_word' id='word_1_244' title='bbox 864 3110 1005 3157; x_wconf 67' lang='lat' dir='ltr'>Lebz‘io</span> <span class='ocrx_word' id='word_1_245' title='bbox 1027 3112 1248 3158; x_wconf 72' lang='lat' dir='ltr'>variantes</span> <span class='ocrx_word' id='word_1_246' title='bbox 1270 3129 1325 3158; x_wconf 87' lang='lat' dir='ltr'>ex</span> <span class='ocrx_word' id='word_1_247' title='bbox 1347 3115 1459 3160; x_wconf 62' lang='grc' dir='ltr'><em>Αέῗίς</em></span> <span class='ocrx_word' id='word_1_248' title='bbox 1482 3115 1748 3167; x_wconf 70' lang='grc' dir='ltr'>..ςἰιηὶῗονκυο.</span> <span class='ocrx_word' id='word_1_249' title='bbox 1784 3116 1789 3119; x_wconf 74' lang='grc'><em>’</em></span> 
     </span>
    </p>
   </div>
   <div class='ocr_carea' id='block_1_16' title="bbox 411 3174 1722 3235">
    <p class='ocr_par' dir='ltr' id='par_1_28' title="bbox 411 3174 1722 3235">
     <span class='ocr_line' id='line_1_49' title="bbox 411 3174 1722 3235; baseline 0.006 -17"><span class='ocrx_word' id='word_1_250' title='bbox 411 3176 452 3234; x_wconf 77' lang='lat'>1)</span> <span class='ocrx_word' id='word_1_251' title='bbox 485 3174 702 3222; x_wconf 82' lang='lat' dir='ltr'>Attondere.</span> <span class='ocrx_word' id='word_1_252' title='bbox 768 3176 938 3231; x_wconf 70' lang='lat' dir='ltr'>2)÷.quod</span> <span class='ocrx_word' id='word_1_253' title='bbox 972 3191 1118 3224; x_wconf 80' lang='lat' dir='ltr'>oroma,</span> <span class='ocrx_word' id='word_1_254' title='bbox 1183 3179 1223 3233; x_wconf 86' lang='lat'>3)</span> <span class='ocrx_word' id='word_1_255' title='bbox 1257 3181 1526 3234; x_wconf 61' lang='lat' dir='ltr'>aggrederetun</span> <span class='ocrx_word' id='word_1_256' title='bbox 1592 3181 1649 3235; x_wconf 77' lang='lat'>4)</span> <span class='ocrx_word' id='word_1_257' title='bbox 1664 3185 1722 3226; x_wconf 60' lang='grc' dir='ltr'>δι.</span> 
     </span>
    </p>
   </div>
   <div class='ocr_carea' id='block_1_17' title="bbox 2140 247 2391 302">
    <p class='ocr_par' dir='ltr' id='par_1_29' title="bbox 2140 247 2391 302">
     <span class='ocr_line' id='line_1_50' title="bbox 2140 247 2391 302; baseline 0.02 -6"><span class='ocrx_word' id='word_1_258' title='bbox 2140 263 2170 296; x_wconf 86' lang='lat'>2</span> <span class='ocrx_word' id='word_1_259' title='bbox 2195 247 2330 299; x_wconf 87' lang='lat' dir='ltr'>Perio</span> <span class='ocrx_word' id='word_1_260' title='bbox 2338 251 2391 302; x_wconf 55' lang='lat' dir='ltr'>de,</span> 
     </span>
    </p>
   </div>
   <div class='ocr_carea' id='block_1_18' title="bbox 2312 341 2452 354">
    <p class='ocr_par' dir='ltr' id='par_1_30' title="bbox 2312 341 2452 354">
     <span class='ocr_line' id='line_1_51' title="bbox 2312 341 2452 354; baseline 0 3047"><span class='ocrx_word' id='word_1_261' title='bbox 2312 341 2452 354; x_wconf 95' lang='lat' dir='ltr'> </span> 
     </span>
    </p>
   </div>
   <div class='ocr_carea' id='block_1_19' title="bbox 2476 1810 2498 2581">
    <p class='ocr_par' dir='ltr' id='par_1_31' title="bbox 2476 1810 2498 2581">
     <span class='ocr_line' id='line_1_52' title="bbox 2476 1810 2498 2581; baseline 0 820"><span class='ocrx_word' id='word_1_262' title='bbox 2476 1810 2498 2581; x_wconf 95' lang='lat' dir='ltr'> </span> 
     </span>
    </p>
   </div>
   <div class='ocr_carea' id='block_1_20' title="bbox 2102 2994 2498 3084">
    <p class='ocr_par' dir='ltr' id='par_1_32' title="bbox 2102 2977 2498 3084">
     <span class='ocr_line' id='line_1_53' title="bbox 2102 2994 2498 3084; baseline 0.015 -6"><span class='ocrx_word' id='word_1_263' title='bbox 2102 3014 2434 3081; x_wconf 49' lang='lat' dir='ltr'>‘CAIQXX1V0</span> <span class='ocrx_word' id='word_1_264' title='bbox 2472 2994 2498 3084; x_wconf 71' lang='grc' dir='ltr'>ἑ</span> 
     </span>
    </p>
   </div>
  </div>
 </body>
</html>
