2433 3401
135 171 167 219 4
178 148 613 219 Cap.et·ste523eirc19e.
832 167 890 203 ex
902 152 1087 202 Statutis
1104 153 1303 204 Ecclefiae
1316 155 1387 204 Ha
1394 156 1502 205 mbu
1509 169 1573 221 rg.
2151 160 2179 206 6
2185 178 2211 207 2
2224 177 2239 208 1

2107 240 2254 251 ..α’-
2320 239 2322 241 ’

237 268 354 314 Item
375 267 455 319 fol
478 282 582 327 123.
603 268 660 313 de
676 266 853 314 Vicatia
878 266 923 312 in
951 266 1137 329 Capella
1157 268 1198 313 S.
1216 268 1436 330 johannis
1459 272 1705 315 Hartwicus
1726 272 1778 316 de
1801 278 1996 318 Hamme.

237 334 354 381 Item
378 350 418 381 2.
434 348 610 380 marcas
625 335 669 381 in
688 339 828 379 Horne
850 336 973 398 apud
994 334 1249 380 Hamborch.
1319 337 1387 383 De
1406 338 1662 384 Znieshorne
1684 339 1788 386 vide
1805 338 1882 386 foi.
1896 353 1976 399 97.

235 400 414 448 Eodem
437 400 520 451 fol
540 399 588 448 ὅ(
618 414 673 446 1'·
648 416 722 461 μς
747 401 997 465 sequuntur
1016 403 1193 449 rursum
1218 402 1393 449 reditus
1420 404 1705 453 Vicariarum
1729 404 1776 453 ὅ(
1797 405 1878 459 fol
1897 409 2003 467 176.
2024 405 2084 453 de
2105 404 2245 455 Cam·

66 466 254 533 panario
279 468 388 515 vide
410 468 440 518 f.
464 469 568 515 eod.
593 468 654 515 de
672 469 895 516 reditibus
916 469 1188 516 Choralium
1212 468 1471 533 Hamburg.
1504 472 1536 518 f.
1549 487 1589 523 e,

233 535 305 582 De
326 535 543 582 reditibus
563 536 850 583 Vicariarum
876 535 985 584 vide
1010 536 1087 583 fol.
1110 549 1214 612 177.
1242 535 1286 582 ὅ(
1310 545 1414 596 178.

232 602 469 650 Sententia
493 601 691 665 Capituli
715 604 949 662 Lubicenfis
980 606 1126 667 prima
1149 605 1193 650 in
1216 602 1345 650 causa
1367 603 1785 668 Hamburgenfium
1807 583 2209 664 Canonicorum,
2198 623 2245 656 in

63 685 201 733 quam
216 669 658 733 compromiserunt.
711 671 820 719 Hoc
833 669 1215 735 compromissum
1229 671 1394 733 aliegat
1409 672 1559 720 noster
1572 674 1799 726 Decanus‚
1816 674 1952 736 igitur
1967 677 2245 725 notandum

60 737 315 801 Sequitur*
303 752 349 784 m
375 740 545 784 eodem
568 737 683 785 tolio
716 737 799 785 alia
823 738 1045 785 sententia
1076 738 1278 799 Capituli
1296 738 1572 787 Lubicenfis.

232 804 494 853 Declaratio
516 804 648 869 super
682 807 827 852 turnis
861 805 1215 853 Canonicorum
1260 806 1304 852 in
1350 806 1648 854 conferendis
1681 806 1929 855 beneficiis.
1997 808 2128 856 Nota
2158 806 2243 856 ibi:

42 873 180 937 ¹quod
192 873 392 930 beneficia
416 888 586 918 annexa
597 873 781 933 singulis
802 873 1034 918 Praebendis
1059 888 1139 918 non
1151 872 1316 934 poffunt
1336 875 1486 919 cadere
1504 877 1548 920 in
1559 888 1688 921 turno
1708 875 1738 927 f.
1761 889 1866 936 179.

232 941 303 987 De
326 940 517 987 annexis
541 941 648 989 vide
668 941 749 988 iol.
775 939 902 1004 supra
924 939 1002 987 fol.
1028 942 1104 994 68.
1126 939 1173 987 ὅ(
1196 953 1277 1000 79.

227 1010 358 1074 Qia
370 1009 635 1054 Salinarium
647 1009 822 1059 Solutio,
844 1024 934 1070 quae
944 1007 1080 1068 fiebat
1103 1009 1148 1052 in
1176 1007 1244 1053 die
1256 1009 1588 1069 purificationis,
1611 1024 1720 1054 nunc
1745 1010 1888 1063 fertur
1909 1009 1955 1053 in
1983 1008 2093 1053 diem
2127 1010 2243 1067 ejus-

55 1075 153 1124 dem
176 1080 280 1121 anni
303 1075 548 1127 Michaelis,
568 1075 836 1121 declaramus
857 1077 920 1121 ad
933 1092 983 1121 ea
1004 1076 1221 1120 Salinaria
1240 1079 1537 1138 participanda
1549 1093 1629 1122 non
1635 1079 1864 1138 pertinere,
1887 1077 1965 1135 nisi
1973 1079 2050 1139 qui
2061 1080 2243 1122 termino

49 1145 368 1209 purificationis
378 1144 574 1204 proxime
593 1155 695 1187 tunc
716 1144 827 1204 lapso
841 1145 1184 1205 participaturus
1202 1143 1364 1202 suffit,
1384 1146 1422 1202 si
1439 1146 1500 1190 ibi
1508 1144 1656 1205 futffit
1674 1146 1794 1204 fabia
1810 1144 1976 1204 solutio.
2002 1145 2030 1194 fi
2054 1158 2160 1205 179.

226 1224 457 1277 Satutum,
481 1224 528 1270 in
549 1238 642 1287 quo
666 1238 846 1269 cavetur
867 1227 1004 1276 omnis
1023 1226 1292 1269 convivantis
1322 1240 1573 1287 apparatus,
1608 1225 1657 1270 65
1682 1241 1835 1288 prater
1866 1227 1983 1289 quod
1997 1239 2244 1274 convertere

54 1292 206 1340 debeat
228 1294 274 1336 in
291 1294 383 1354 pios
405 1291 522 1350 usur,
547 1293 622 1350 iste
641 1293 891 1349 Canonicussr,
918 1293 996 1353 qui
1015 1307 1068 1336 ex
1090 1290 1236 1336 ordine
1259 1290 1356 1349 efflet
1381 1294 1468 1338 tale
1503 1295 1737 1338 convivium
1759 1309 2048 1356 apparaturus
2077 1304 2136 1346 18,
2161 1309 2242 1340 au-

51 1377 146 1409 reos
167 1359 394 1419 Rhenenfies
418 1358 450 1409 f.
464 1360 572 1409 eod.

224 1427 454 1473 Letioralis
479 1425 706 1472 Praebenda
725 1420 985 1488 erigitur&
1008 1435 1278 1482 renovatur,
1312 1424 1540 1474 ordinaria
1572 1426 1820 1475 autoritate
1851 1424 1898 1473 ὃ(
1930 1427 2164 1475 reducitur
2184 1429 2243 1476 ad

51 1494 294 1561 pristinum
314 1492 505 1550 statum,
533 1494 595 1541 ita
626 1505 677 1540 ut
692 1490 829 1555 juxta
858 1492 1099 1556 antiquam
1125 1492 1468 1542 observantiam
1491 1501 1685 1542 maneat
1715 1508 1803 1559 pro
1820 1493 2129 1558 Theologoin
2144 1510 2244 1558 per-

50 1571 276 1628 petuum,
299 1562 459 1614 ί.180.

224 1628 489 1675 Renovatio
522 1624 570 1673 ὅ(
593 1624 909 1673 Confirmatio
929 1625 1138 1672 Fridericz·
1159 1625 1297 1674 Ducis
1320 1626 1515 1684 Holsatt'ae
1546 1626 1679 1691 super
1704 1628 1830 1676 bona
1851 1627 2106 1678 feudaliain
2124 1628 2244 1678 Prae-

50 1695 231 1747 festum
259 1697 454 1746 Tritotve,
476 1708 579 1757 quae
602 1692 702 1739 satis
725 1691 856 1741 firma
879 1691 926 1740 &
950 1693 1069 1740 bene
1092 1694 1331 1741 notanda
1320 1710 1364 1741 111
1391 1706 1670 1759 perpetuum
1704 1694 1783 1743 fol.
1806 1703 1858 1750 18
1875 1710 1912 1749 1.

223 1785 470 1841 Sequuntur
491 1777 810 1833 consuetudines
830 1775 1024 1834 Ecclefiae.

224 1847 329 1894 Nos
359 1848 509 1891 Ericus
532 1847 617 1889 Dei
637 1847 794 1904 gratia
825 1844 996 1902 Praepof
977 1856 1064 1887 tus
1079 1841 1128 1888 <5
1129 1860 1163 1889 c
1234 1846 1339 1888 Cum
1367 1844 1656 1905 Transgreffor
1687 1843 1960 1891 rationabilis
1992 1843 2044 1891 65
2071 1845 2270 1910 honeste¹

53 1912 367 1973 consuetudinis
387 1930 470 1959 non
491 1917 649 1962 minus,
672 1926 804 1972 quam
827 1912 1013 1955 violator
1028 1912 1148 1969 juris
1174 1914 1400 1970 puniatur,
1423 1929 1475 1956 ne
1496 1916 1728 1974 quisquam
1754 1926 1968 1976 praetextu
1993 1917 2243 1979 ignorantie

50 1982 106 2028 ab
127 1982 401 2041 observandis
427 1978 713 2024 laudabilibus
745 1975 795 2021 65
823 1978 1153 2022 rationabilibus
1184 1980 1361 2037 Ecclesia
1386 1980 1755 2038 consuetudinibus
1786 1985 1831 2040 se
1852 1983 2051 2040 excusare
2074 1985 2240 2040 valent,

49 2062 195 2095 tenore
210 2051 476 2110 praesentium
488 2047 659 2091 easdem
673 2046 996 2102 consuetudines
1012 2046 1215 2089 duximus
1227 2045 1520 2093 declarandas.
1544 2049 1573 2096 f
1599 2056 1701 2107 184.
1738 2050 1796 2096 de
1818 2050 2242 2112 religioneportanda

51 2117 158 2166 Vide
177 2116 256 2165 fol.
272 2117 379 2164 eod.
411 2116 471 2161 de
490 2116 624 2160 larvis
648 2112 698 2157 Εἴ
711 2117 837 2157 coreis
852 2114 1050 2157 vitandis
1077 2113 1105 2160 f.
1121 2128 1159 2158 e.
1195 2113 1252 2158 de
1278 2112 1405 2170 officio
1427 2116 1632 2176 Praepofiti
1651 2117 1681 2162 i.
1697 2132 1737 2166 e,
1806 2119 2045 2179 Praepofitus
2069 2118 2240 2163 habebit

49 2200 186 2231 vocem
205 2187 251 2229 in
278 2186 471 2240 Capitale
489 2182 632 2227 adhoc
653 2181 872 2226 vocatus}
889 2195 927 2226 e.
982 2186 1047 2229 De
1067 2179 1192 2237 officio
1215 2181 1418 2227 Decanif.
1433 2197 1472 2229 e.
1488 2184 1768 2230 ubidicitur:
1799 2187 2029 2243 inEcclefa
2045 2190 2241 2248 persona.

51 2255 149 2299 liter
168 2251 374 2309 residebit.
450 2250 603 2296 item
585 2266 630 2292 in
641 2248 833 2305 absentia
848 2250 1013 2292 Decani
1033 2251 1178 2293 Senior
1198 2248 1250 2292 de
1272 2251 1464 2310 Capitulo
1486 2253 1595 2296 vices
1611 2254 1714 2312 suas
1736 2253 1957 2306 habebit,
1940 2271 1984 2298 tn
2004 2253 2071 2298 his
2083 2252 2239 2339 dunta-

49 2334 146 2378 xat,
171 2338 262 2383 quae
277 2319 462 2381 spei’t'ant
483 2317 548 2361 ad
560 2316 731 2361 chorum
753 2315 802 2361 (ὅ
823 2317 1166 2372 jurisdliiionem
1192 2320 1355 2361 Decani
1374 2317 1401 2364 f.
1417 2332 1456 2364 e.

221 2403 337 2450 Item
363 2406 512 2446 Omnes
536 2400 700 2445 Viturii
711 2402 909 2445 Canouici
922 2399 970 2444 65
973 2417 1007 2444 c
1029 2401 1091 2444 ad
1106 2400 1385 2445 obedientiam
1407 2402 1571 2446 Decam·
1584 2403 1873 2465 pertinebunt,
1894 2419 2001 2465 quos
2024 2405 2160 2449 etiam
2171 2404 2241 2450 de-

46 2473 261 2535 liquentes
275 2471 406 2531 potest
421 2471 589 2530 punire,
614 2468 700 2546 'nisi
680 2471 952 2512 tCanonicus
975 2469 1160 2528 aliquem
1185 2469 1387 2526 exceſjum
1409 2486 1603 2514 enormen
1626 2473 1896 2529 commiserit,
1913 2487 2014 2516 tunc
2038 2473 2090 2517 de
2113 2472 2239 2531 confi-

50 2541 105 2586 lio
126 2538 175 2584 69³
194 2539 500 2598 informatione
530 2537 740 2593 majorum
774 2539 961 2596 corriget
997 2534 1047 2579 ΕΞ
1078 2537 1332 2584 emendabit
1406 2541 1570 2581 Paenam
1598 2541 1852 2599 privationis
1880 2542 2134 2586 Clericorum
2156 2556 2240 2585 non

50 2609 129 2667 nisi
110 2609 193 2652 ede
222 2607 414 2665 consensu
445 2605 633 2664 Capituli
661 2604 862 2664 cuiquam
890 2605 1065 2663 instiget
1145 2605 1282 2650 item:
1314 2611 1511 2649 Decanus
1543 2609 1682 2651 minus
1696 2606 1880 2668 sigillum
1904 2609 2099 2665 Ecclesia,
2124 2607 2245 2668 quod

49 2677 113 2722 ad
127 2677 275 2731 causas
298 2675 475 2721 dicitur,
497 2668 548 2715 65
569 2672 794 2731 registrum
809 2674 1153 2732 privilegiorum,
1178 2675 1250 2716 vel
1265 2688 1310 2717 eo
1332 2674 1513 2730 absente,
1539 2678 1681 2720 Senior
1696 2675 1745 2719 {5
1761 2679 1970 2721 maturior
1981 2677 2032 2721 de
2044 2677 2238 2737 Capitulo

10 2759 14 2763 ·
52 2743 265 2788 tenebitur
287 2740 506 2800 custodire,
522 2732 580 2784 de
598 2755 681 2800 quo
702 2738 871 2800 quidem
890 2741 1078 2801 Registro
1098 2757 1179 2787 non
1200 2739 1459 2800 exscribetur
1480 2743 1658 2806 aliquod
1672 2746 1963 2809 privilegium,
1989 2746 2067 2806 nisi
2086 2743 2238 2791 videa-

50 2822 123 2858 tur
145 2812 339 2874 Capitulo
360 2807 554 2866 expedire
575 2806 605 2854 f.
627 2813 733 2864 185.

216 2879 291 2926 De
315 2875 441 2934 officio
462 2875 700 2933 scholastici
721 2871 749 2920 f.
761 2872 867 2922 eod.

219 2945 395 2997 Ibidem
416 2945 475 2995 de
493 2941 622 3005 officio
643 2942 840 2993 Cantoris
859 2938 891 2989 f.
903 2941 1008 2992 eod.
1025 2949 1132 3006 185.

1261 3021 1312 3091 ξς
1329 3023 1342 3080 ι’
1362 3022 1376 3080 i
1399 3023 1414 3078 i
1454 3037 1477 3088 3
2156 3026 2232 3076 De
