2498 3401
130 226 147 260 1
158 210 274 273 Cap.
289 205 382 270 ersse
394 205 596 271 ffieilage.
874 199 1174 265 besebriebm
1191 211 1295 256 uon
1310 203 1349 250 S·
1364 203 1400 250 R
1410 208 1643 256 emberto.
2140 224 2157 255 1
2168 223 2194 257 2
2207 222 2228 269 5

60 334 168 371 tuor
186 319 331 369 miffas
357 319 449 383 ipse
467 318 616 367 astans
636 314 685 366 ὅ(
700 314 908 365 officium
932 318 1071 381 agens
1084 315 1308 364 celebrari
1329 317 1541 369 faciebat.
1638 321 1819 371 Statuto
1843 340 2001 374 tamen
2023 321 2232 389 legitimo

58 396 273 452 tempore
293 388 341 434 in
362 388 435 434 die
457 385 691 451 publicam
707 383 882 431 Miffam
895 413 910 437 ‚
933 385 1007 431 nifi
1029 384 1175 448 aliqua
1196 387 1233 432 ei
1248 386 1606 433 incommoditas
1622 390 1864 446 accidili'et,
1890 394 1979 453 ipse
2003 392 2233 443 cantabat,

57 456 121 503 fin
135 465 263 507 vero,
285 454 516 501 audiebat.
553 454 611 514 7)
678 453 729 499 ln
742 450 1044 515 eleemosynis
1067 468 1179 500 vero
1200 453 1363 499 dandis
1385 468 1523 517 quam
1564 455 1619 513 8)
1651 454 1974 507 liberaliffimus
2001 460 2110 514 fuit,
2134 456 2237 520 quis

57 519 271 570 enarrare
281 521 482 584 poterit?
514 534 623 568 cum
636 519 792 567 omnia
807 533 907 582 quae
920 520 1143 574 habebat,
1165 519 1208 566 in
1226 520 1411 568 Domini
1428 520 1671 569 voluntate
1685 522 1995 573 neceffitatem
2020 523 2236 588 patienti·

59 587 499 636 bussub'ministrare
511 587 741 650 cupiebat.
812 587 1091 650 Ubicunque
1112 587 1235 633 enim
1259 587 1457 651 aliquem
1479 587 1525 633 in
1548 585 1809 636 necestitate
1834 591 2029 652 positum
2053 592 2237 642 sciebat,
2286 618 2290 620 —

57 669 116 703 ex
128 639 304 719 quanto
324 662 535 717 poterat,
557 668 665 701 eum
677 649 897 715 adjuvare
910 653 1170 717 latagebat3
1203 653 1249 700 ὅ(
1275 670 1370 701 non
1395 654 1540 701 solum
1557 655 1600 701 in
1618 657 1803 720 propria
1816 656 2060 714 Parocbia,
2084 662 2155 705 led
2170 669 2238 704 et·

56 723 146 769 iam
168 722 214 768 in
236 721 503 786 longinquis
525 721 789 785 regionibus
813 718 992 783 positis,
1018 720 1258 767 subsidium
1283 721 1343 767 sui
1367 721 1576 784 adjutorii
1602 723 1897 772 ministrabat.
1993 724 2239 788 Specialius

56 795 214 836 tamen
247 790 329 850 [i]
370 790 574 850 Hospitali
595 802 832 850 pauperum
852 790 897 832 in
918 793 1071 833 Brema
1102 788 1404 835 constitutum
1434 790 1635 837 habebat
1656 822 1669 847 ,
1703 792 1759 838 ad
1793 793 1920 856 quod
1954 793 2152 839 decimas
2179 791 2240 836 de

56 854 292 903 nonnullis
308 855 421 905 villis
431 853 673 918 (disposuit,
697 866 747 901 ut
759 855 818 901 ibi
833 868 942 902 cum
956 855 1222 918 quotidiana
1235 854 1520 919 susceptione
1534 872 1791 921 pauperum
1806 861 1966 922 ‘aegroti
1982 873 2167 923 quoque
2188 860 2241 915 9)

55 930 380 971 recrearentur
402 939 415 969 =
451 922 538 971 Per
557 935 752 969 omnem
778 936 964 985 quoque
977 921 1299 985 Epilcopatum
1326 927 1452 970 {uum
1468 924 1669 972 decimas
1683 927 1949 973 animalium
1964 925 2009 974 ὅ(
2024 926 2243 973 omnium

54 989 310 1046 redituum,
334 989 631 1051 decimasque
651 988 964 1044 decimarum,
985 991 1114 1052 quod
1135 990 1189 1035 ad
1212 1004 1320 1036 eum
1336 992 1644 1053 pertinebant,
1670 996 1720 1040 in
1731 1008 1988 1058 pauperum
2004 992 2243 1056 expensio-

56 1055 501 1116 nemdistribuebat3
531 1055 812 1119 &quidquid
825 1058 1037 1117 argenti,
1065 1053 1393 1118 velcujuslibet
1405 1059 1978 1123 cenlusilliproveniebat,
1999 1063 2043 1108 in
2065 1059 2243 1107 ususin·

56 1111 317 1185 digentium
330 1124 604 1171 decimabat⁴
672 1121 918 1184 Insuperin
932 1122 1097 1184 quinto
1109 1138 1259 1175 anno,
1287 1127 1499 1173 omnium
1515 1127 1806 1184 animalium,
1831 1128 1939 1177 licet
1961 1143 2100 1175 aurea
2124 1126 2244 1174 deci·

53 1199 178 1236 mata
192 1188 391 1243 fuerint,
413 1189 469 1235 ad
484 1187 882 1250 eleemosynarum
899 1188 1139 1235 dationem
1161 1189 1332 1237 iterum
1356 1206 1412 1238 ex
1436 1192 1622 1256 integro
1644 1196 2006 1244 decimationem
2033 1195 2243 1243 faciebat.

53 1255 125 1309 De
136 1266 333 1318 argento
348 1255 513 1302 etiarn.
537 1255 666 1318 quod
687 1255 746 1302 ad
766 1254 983 1303 Ecclefias
1004 1255 1050 1302 in
1065 1255 1353 1305 Monasteriis
1377 1260 1623 1316 veniebat,
1646 1275 1854 1326 quartam
1877 1277 2056 1328 partem
2074 1263 2129 1310 ad
2153 1263 2246 1323 boc

53 1321 202 1386 ipsum
214 1320 484 1370 destinatam
497 1321 715 1372 habebat.
785 1320 965 1370 Curam
979 1336 1096 1371 vero
1137 1326 1218 1384 10)
1255 1325 1536 1389 pupillorum
1547 1343 1600 1376 ac
1615 1331 1858 1377 viduarum
1871 1332 2119 1379 maximam
2133 1328 2245 1376 sem-

52 1403 136 1453 per
146 1388 372 1444 habebat‚
393 1390 662 1453 ubicunque
675 1391 994 1438 Anachoretas
1009 1388 1097 1437 effe
1109 1389 1293 1447 sciebat,
1317 1393 1407 1441 five
1420 1396 1541 1442 viros
1555 1396 1646 1445 live
1666 1398 1898 1454 foeminas,
1922 1398 2244 1463 frequentibus

52 1455 383 1504 vilitationibus
416 1455 465 1505 <Sc
498 1457 631 1517 donis
663 1456 782 1520 ipsos
811 1458 859 1505 in
883 1458 968 1504 Dei
1002 1457 1189 1507 servitio
1225 1460 1490 1509 confortare
1512 1492 1527 1516 ‚
1569 1466 1650 1526 ιι)
1688 1465 1735 1513 ὅ(
1763 1464 2015 1514 necessariis
2045 1462 2244 1512 subsidiis
2308 1521 2312 1522 γ

53 1519 272 1586 adjuvare
289 1523 502 1572 studebat
598 1523 814 1572 Habebat
834 1537 1024 1590 quoque
1045 1523 1094 1573 ὅ(
1134 1527 1217 1588 12)
1250 1528 1296 1575 in
1322 1543 1443 1576 zona
1468 1533 1650 1595 propria
1676 1532 1858 1598 semper
1881 1533 2120 1582 saccellum
2160 1532 2243 1591 13)

54 1603 165 1638 cum
195 1592 402 1640 nummis
422 1623 437 1649 ,
471 1598 525 1639 ut
555 1591 584 1639 fi
615 1593 807 1656 quando
833 1607 978 1656 egens
1010 1593 1197 1642 veniret
1218 1623 1234 1648 ‚
1269 1593 1319 1643 ὅ(
1351 1593 1635 1662 dispensator
1667 1600 1979 1664 Eleemosynae
2013 1601 2096 1648 suae
2118 1597 2246 1646 dees-

54 1656 145 1713 set,
165 1656 259 1722 ipse
277 1658 371 1707 fine
390 1673 523 1707 mora
543 1659 657 1722 quid
699 1661 780 1721 ¹4)
813 1660 945 1708 daret
967 1660 1188 1718 haberet,
1215 1661 1425 1710 studebat
1445 1669 1569 1713 enim
1593 1665 1703 1713 illud
1730 1669 1948 1732 beatiJob
1964 1666 2138 1717 dictum
2161 1678 2246 1730 per

56 1726 217 1772 omnia
243 1726 461 1788 implere,
484 1736 534 1772 ut
556 1740 645 1773 nec
667 1724 822 1773 saltem
845 1727 1010 1774 oculos
1033 1728 1182 1775 viduae
1204 1730 1463 1792 aliquandiu
1488 1733 1749 1796 exspectare
1771 1736 1957 1787 faceret.
2020 1730 2245 1797 sicque&

59 1789 220 1837 oculus
231 1806 385 1849 coeco,
408 1790 455 1838 ὅ(
471 1806 550 1853 pes
565 1791 755 1845 claudo,
782 1790 975 1855 &pater
1000 1809 1255 1856 pauperum
1276 1799 1474 1843 omnino
1498 1799 1587 1846 effe
1609 1800 1832 1848 studebat.
1899 1805 1949 1850 In
1963 1800 2244 1866 quadragefi·

59 1872 140 1903 mo
156 1871 269 1904 vero
284 1870 497 1920 tempore
511 1864 710 1920 quatuor
733 1869 958 1923 pauperes
984 1861 1193 1923 quotidie
1216 1864 1261 1907 in
1281 1868 1436 1907 Brema
1458 1867 1514 1911 ad
1538 1867 1683 1913 escam
1707 1867 1863 1932 suscipi
1884 1867 2099 1931 jubebat,
2121 1870 2242 1914 duos

58 1922 225 1970 [cilicet
239 1925 363 1971 viros
376 1924 422 1971 ὅ(
437 1924 550 1970 duas
566 1925 798 1975 foeminas.
867 1927 922 1972 Et
935 1927 1040 1973 viris
1058 1927 1246 1990 quidem
1260 1929 1352 1992 ipse
1364 1943 1471 1977 cum
1484 1933 1694 1980 fratribus
1708 1933 1850 1997 pedes
1865 1935 2068 1993 lavabat,
2089 1935 2243 1983 foemi-

57 1990 124 2036 nis
144 2002 303 2037 autem
324 1991 370 2037 in
391 1988 606 2053 praedic'to
620 1990 843 2053 Hospitali
865 2007 1152 2056 pauperum,
1177 1995 1281 2041 vice
1301 1995 1414 2042 illius
1437 2001 1647 2061 quaedam
1664 2002 1767 2049 Deo
1789 2003 1956 2052 sacrata
1970 2035 1983 2060 ‚
1999 2019 2135 2069 quam
2149 2004 2242 2068 ipse

56 2056 102 2103 in
121 2055 203 2101 Dei
220 2055 465 2104 voluntate
478 2053 526 2102 ὅ(
543 2055 790 2119 Religionis
803 2072 965 2105 amore
980 2060 1223 2121 probatam
1239 2062 1456 2113 habebat.
1525 2067 1739 2131 Denique
1760 2084 1866 2118 cum
1880 2073 2122 2135 parochias
2137 2085 2238 2118 mo.

57 2137 106 2170 re
119 2123 364 2187 Epist-opali
378 2123 668 2182 circumiret,
688 2136 935 2186 antequam
948 2125 1037 2189 ipse
1052 2127 1106 2171 ad
1122 2128 1399 2176 convivium
1413 2134 1683 2195 accederet,
1710 2151 1937 2203 pauperes
1951 2139 2242 2204 praecipiebat

59 2190 319 2246 introduci,
340 2192 502 2255 quibus
526 2190 618 2254 ipse
647 2192 693 2250 Ι)
712 2189 758 2238 ὅ(
779 2198 833 2251 2)
856 2207 1024 2256 aquam
1046 2195 1101 2239 ad
1117 2210 1281 2259 manus
1302 2195 1525 2253 lavandas
1538 2204 1815 2259 exhibebat,
1836 2206 1884 2255 ὃ(
1909 2207 2102 2272 eulogiis
2124 2207 2242 2254 datis

60 2259 293 2310 miscebat,
308 2257 354 2306 ὅ(
376 2257 529 2305 mensa
545 2267 650 2304 ante
663 2257 779 2320 ipsos
795 2259 951 2321 posita,
971 2260 1027 2308 fic
1041 2262 1232 2308 demum
1247 2264 1444 2312 adinum
1467 2270 1739 2320 convivium
1764 2289 1872 2323 cum
1894 2275 2145 2340 hospitibus
2166 2289 2242 2322 ac·

61 2328 267 2373 cedebat.
303 2325 326 2350 ²*
373 2324 821 2372 Etutmisericordiae
842 2342 897 2374 ac
918 2329 1098 2392 pietatis
1120 2326 1218 2390 ejus
1243 2329 1409 2380 viscera
1432 2337 1657 2400 exemplis
1679 2343 2014 2404 aprrobemuS,
2042 2343 2242 2391 vidimus

60 2392 311 2456 quondam,
334 2406 441 2439 cum
462 2393 583 2439 inter
604 2390 776 2440 multos
796 2393 904 2441 alios
927 2392 1165 2458 cujusdam
1190 2397 1340 2445 viduae
1365 2399 1509 2450 filium
1533 2404 1577 2450 in
1601 2404 1857 2473 long'nqua
1879 2412 2070 2474 regione
2100 2410 2244 2473 capti.

59 2474 173 2507 vum
186 2457 461 2512 abductum,
484 2459 528 2506 in
541 2460 781 2507 Sveonum
798 2463 1017 2510 videlicet
1029 2465 1180 2526 pretio
1194 2468 1492 2531 redemptum
1507 2503 1520 2526 ,
1540 2472 1631 2534 ipse
1653 2474 1806 2523 secum
1829 2480 1886 2524 ad
1902 2478 2092 2542 patriam
2103 2481 2243 2530 redu-

63 2527 189 2575 xisset
210 2556 225 2581 ,
262 2525 312 2574 ὃς
332 2541 441 2575 cum
462 2527 780 2591 ipsummater
801 2527 878 2576 sua
911 2532 1117 2595 gaudens
1146 2532 1326 2580 videret
1359 2538 1624 2594 reversum,
1665 2541 1790 2592 ficuti
1817 2559 1921 2594 mos
1941 2545 2006 2594 est
2025 2546 2242 2598 foemina.

1253 2598 1309 2661 Q
1346 2617 1363 2664 3
1581 2614 1589 2621 ”
2118 2630 2242 2680 rum,

704 2694 931 2739 Varianus
951 2696 1144 2742 leHiones
1164 2715 1218 2742 ex
1231 2701 1342 2744 Astis
1354 2703 1616 2757 SanHorum.

124 2756 170 2811 7)
197 2755 332 2799 desunt,
352 2756 404 2795 fin
421 2777 476 2786 -—
494 2745 678 2798 audiebat.
811 2761 856 2810 8)
889 2759 960 2813 ipse
1101 2765 1148 2814 9)
1172 2763 1461 2819 deeshquoque.
1595 2775 1666 2828 ιο)
1700 2789 1790 2829 ergo
1926 2779 1985 2833 u)
2018 2780 2242 2824 confortabat
2289 2799 2296 2805 ·

226 2813 291 2866 12)
325 2811 478 2856 deelb&
597 2814 656 2867 13)
691 2814 867 2853 sacculum
993 2817 1066 2869 14)
1097 2819 1197 2870 quod
1313 2826 1350 2873 1)
1379 2823 1577 2879 deest,ipse
1695 2833 1741 2885 2)
1775 2832 1900 2878 etiam.

712 2888 724 2898 ”
765 2891 902 2937 Lec‘h'o
925 2895 1097 2938 varians
1120 2895 1377 2944 &lambecio
1396 2914 1557 2956 notata,

126 2950 149 2975 ³*
174 2947 310 2990 Desunt
319 2951 526 2992 haecomnia
537 2953 573 2991 in
584 2953 669 2998 Col.
681 2953 766 2997 edit.
779 2969 891 3010 usque
911 2957 952 2996 ad
971 2970 1136 3013 caput31,

859 3037 1086 3081 Annomtio
1111 3043 1158 3083 G.
1185 3039 1448 3097 Henfchenii.

66 3114 70 3119 ·
131 3090 150 3144 [
160 3093 169 3129 i
180 3091 200 3146 ]
234 3097 284 3134 Ex
295 3108 340 3136 eo
351 3093 514 3149 hospitali
523 3097 735 3151 Capitulum
746 3097 830 3139 dein
839 3103 1110 3142 Canoxucoxum
1118 3101 1215 3146 fuisse
1224 3119 1295 3146 ere,
1307 3120 1388 3147 tunc
1402 3110 1538 3164 templo
1546 3112 1581 3154 S.
1594 3111 1789 3154 Anschario
1799 3112 1929 3159 dicato,
1946 3124 2028 3154 ante
2039 3111 2207 3175 diximus.
