2498 3401
155 242 172 275 1
192 227 308 290 Cap.
324 224 459 288 meite
483 220 691 285 ffieitage.
945 214 1248 275 baldat-feben
1267 224 1372 267 von
1391 215 1656 266 Gualdone.

262 359 334 395 10.
389 340 608 404 Quadam
632 336 772 387 noete
796 335 952 389 videt,
981 331 1054 378 led
1081 344 1190 378 cum
1217 326 1452 376 discedere
1473 329 1632 383 vellet,

384 411 498 455 Ecce
526 421 607 470 per
631 406 876 455 introitum
901 399 1118 449 veniebat
1152 398 1223 444 vir
1243 399 1544 444 venerandus

382 476 629 522 Schemate
647 472 853 534 judaica,
888 481 1109 533 procerus
1136 463 1182 511 ὅ(
1204 479 1288 511 ore
1309 462 1541 522 coruscuS,

383 540 531 605 Cujus
555 546 611 588 ab
634 537 812 603 aspeEtu
834 537 1048 600 splendor
1068 532 1260 581 stillabat
1290 538 1341 579 ut
1364 531 1499 594 ignis.

387 609 595 656 Luminis
622 608 791 655 indicio
818 606 953 654 facies
974 615 1075 650 erat
1096 600 1451 662 omnipotentis,

263 679 335 740 ις’.
388 677 586 723 Intuitus
614 675 821 726 vultum,
849 670 1084 728 Christum
1110 669 1209 715 fore
1230 666 1425 713 credidit
1448 665 1611 731 ipsum,

390 746 442 791 Et
467 744 526 790 nil
552 741 792 790 cunctatus
815 739 1009 804 pedibus
1032 733 1331 800 provolvitur
1351 730 1467 796 ejus.

388 811 609 874 Cumque
623 806 798 872 jaceret
846 806 1001 861 humi,
1032 802 1313 868 prostratum
1342 801 1524 865 surgere
1539 797 1680 864 juffit‘

385 877 512 926 Cum
535 878 669 925 staret
692 875 899 929 Domino
922 887 1080 921 coram
1107 869 1394 918 reverentius
1429 884 1560 933 ergo,

388 942 490 1006 Ejus
518 943 563 992 <Sc
586 944 829 992 ardentem
852 937 1155 1002 conspectum
1182 937 1309 984 ferre
1340 937 1570 1001 nequiret,

256 1026 334 1064 20,
386 1013 510 1059 Dixit
533 1012 573 1058 ei
597 1012 789 1058 blande:
823 1010 927 1056 Tua
950 1021 1079 1055 nunc
1099 1002 1261 1052 delit'ta
1281 1004 1446 1061 fatere,

384 1077 645 1141 justificeris
669 1078 750 1124 uti.
819 1078 931 1122 Non
954 1074 1016 1139 est
1036 1088 1179 1137 opus,
1213 1072 1373 1120 omnia
1398 1069 1532 1124 nosti,

384 1145 458 1190 Ille
483 1146 644 1204 refert,
682 1156 728 1190 te
750 1141 873 1189 nulla
895 1141 1054 1187 latent.
1117 1139 1232 1183 Mihi
1254 1138 1422 1187 cuncta
1443 1135 1684 1201 patescunt

383 1214 560 1273 lnquit,
587 1225 740 1273 eoque
767 1209 880 1256 mihi
903 1206 1016 1254 volo
1043 1203 1270 1252 mortales
1295 1203 1502 1269 profiteri

382 1280 626 1344 Qatenus
651 1275 824 1325 absolvi
839 1273 1059 1328 valeant,
1098 1271 1386 1336 veniamque
1413 1271 1596 1319 mereri.

254 1359 333 1406 25.
388 1348 729 1410 Ergo'repente
755 1344 858 1392 viro
882 1357 989 1389 cum
1014 1339 1303 1403 simplicitate
1324 1338 1523 1403 professo

385 1415 549 1462 Omne
574 1414 698 1477 quod
718 1410 744 1458 ἔῑ
767 1410 922 1474 primis
946 1406 1168 1466 scelerum
1206 1407 1508 1455 commiserat
1540 1405 1697 1456 annisz

386 1483 465 1529 Ne
490 1495 705 1536 vereare,
734 1491 832 1526 tuas
857 1492 946 1542 ego
967 1476 1064 1524 sum
1086 1475 1163 1539 qui
1182 1473 1318 1522 deleo
1342 1473 1499 1539 culpas

388 1549 502 1598 Haec
525 1549 603 1596 ubi
625 1562 720 1595 vox
743 1546 919 1602 lonuir,
950 1546 1020 1594 vir
1044 1542 1305 1608 splendidus
1328 1541 1400 1590 ille
1424 1538 1624 1602 receffit,

388 1620 452 1664 At
467 1616 658 1663 Domini
676 1614 830 1662 servus
856 1612 1006 1661 somni
1032 1624 1225 1675 torpore
1248 1609 1437 1662 solutus,

261 1695 336 1744 30.
386 1681 597 1732 Exultare
619 1683 694 1731 fibi
720 1682 856 1733 venia
885 1693 1079 1746 peccata
1104 1677 1281 1727 remitti

908 1778 1043 1825 CAP.
1075 1777 1134 1824 X.
1159 1776 1211 1834 1)

545 1860 694 1919 Coelc‘ca
712 1874 794 1922 quo
820 1872 1021 1920 penetrat
1042 1857 1164 1903 radc'o
1189 1869 1366 1902 terrena
1386 1855 1575 1910 tenebat,

385 1942 460 1989 Sic
483 1939 721 2006 praelectus
747 1940 895 1987 homo
915 1936 1022 1988 ‘coeli
1052 1940 1227 1986 secreta
1252 1936 1476 1990 videndo,

389 2008 615 2056 Crebrius
638 2009 683 2054 in
707 2006 878 2053 somnis
904 2004 1121 2069 proceffit
1144 2021 1204 2053 eo
1226 2003 1470 2056 bonitatis,

390 2076 458 2123 Ut
478 2074 608 2123 fimul
631 2072 831 2139 ignitum
846 2070 983 2137 jubar
1006 2071 1054 2120 ὃς
1078 2071 1329 2136 splendore
1355 2068 1598 2120 coruscum

264 2159 305 2207 ς.
391 2142 625 2191 Abscondi
645 2143 829 2205 gremio
853 2142 996 2189 modii
1020 2155 1117 2188 non
1143 2137 1292 2202 posset
1321 2152 1471 2201 opaco

386 2210 493 2258 Hoc
517 2212 784 2274 ignorantes
808 2209 986 2257 caulam
1020 2206 1201 2255 fortasse
1229 2205 1456 2255 movebit.

387 2283 576 2323 Matrem
599 2277 820 2324 Corbeiam
842 2292 931 2342 qua
956 2276 1231 2323 conditione
1254 2273 1457 2338 reliquit,

387 2343 513 2395 Cum
536 2343 796 2411 persistendi
821 2344 1166 2393 sacramentum
1189 2341 1355 2392 fecerit
1383 2339 1458 2389 illi.
1505 2340 1561 2401 2)

877 2441 1012 2510 Css·
1052 2440 1146 2487 Xl.
1186 2441 1236 2501 3)

610 2524 715 2572 Albo
735 2527 937 2584 martyrii
958 2540 1140 2588 puerum
1161 2525 1286 2571 videt
1299 2523 1532 2571 attitulari

391 2607 611 2672 Contigit
635 2608 876 2656 haec·inter
901 2623 1097 2672 puerum
1122 2607 1247 2673 quod
1275 2605 1471 2671 perculit
1500 2605 1632 2666 alter,

402 2678 452 2724 In
478 2689 618 2741 caput
643 2676 669 2722 e
691 2675 843 2722 tabula
867 2705 882 2727 ,
916 2677 1080 2723 mortis
1104 2677 1362 2725 comitante
1384 2675 1516 2723 ruina

393 2744 490 2809 Qi
517 2742 748 2807 percussus
777 2750 877 2791 erat
898 2743 1159 2806 Phili4ertus
1181 2758 1358 2791 nomen
1385 2742 1605 2792 habebat.

265 2824 303 2872 5.
390 2810 480 2858 Hic
504 2823 635 2875 pater
659 2809 933 2858 Anscharius
951 2810 1119 2859 somno
1144 2825 1354 2860 moerore
1376 2809 1562 2860 solutus.

392 2877 512 2927 Illius
526 2876 758 2944 Angelicis
778 2879 984 2927 animam
1005 2878 1227 2930 vetraria
1249 2877 1370 2927 ulnis

275 2945 307 2992 1.
328 2942 492 3010 OEber'l.
1308 2942 1358 3001 ὑὲ

728 3027 943 3073 ζε-ἱῖἱοηει
963 3029 1185 3076 variantes
1213 3045 1268 3075 ex
1278 3028 1395 3076 Astis
1405 3027 1667 3077 SanHorum

151 3093 191 3148 r}
221 3091 316 3134 deest
328 3091 529 3134 totumhoc
543 3090 740 3148 capitulum
832 3094 880 3146 2)
911 3093 981 3134 illis
1075 3098 1122 3150 3)
1154 3108 1234 3149 cap.
1260 3107 1321 3137 10.

100 227 2274 326 W&

2168 2945 2304 2997 vidit
