2498 3401
102 208 121 241 1
141 191 260 254 Cap.
277 188 414 251 meite
427 185 630 251 Quiane.

53 273 200 288 ’,-

209 519 287 558 100

203 851 280 899 15·

195 1186 274 1226 200

189 2240 265 2275 10.

190 2575 265 2624 15.

68 3066 107 3122 1)
135 3066 229 3115 vilis.

336 304 467 351 Vixit
488 301 644 349 adhuc
658 298 844 364 juvenis
865 299 995 348 nimii
1027 299 1217 348 fervore
1248 300 1428 363 rigoris.

330 371 433 436 Jam
459 384 573 418 vero
594 374 841 431 promotus
863 369 920 415 ad
952 382 1108 415 arcem
1129 367 1463 425 PontificatuS,

332 439 663 501 Augmentum
685 435 916 499 capiendo
937 435 1038 499 pios
1063 436 1268 484 excrevit
1289 436 1336 482 in
1363 433 1506 484 actus.

342 505 471 554 Cum
489 502 689 551 zelando
714 513 866 567 patres
892 504 1034 550 vitam
1058 501 1328 566 sequeretur
1348 515 1546 556 eorum,

329 572 574 618 Martinam
600 570 743 618 sanxit
763 569 996 632 specialius
1017 569 1108 617 effe
1142 570 1449 633 sequendum.

330 638 480 686 silicio
504 638 658 685 subtus
691 637 844 684 nudos
868 637 1315 689 obvolverat-artus,

294 752 299 756 .
330 706 428 754 usu
451 705 714 760 nossurnO,
747 719 844 751 non
871 715 1052 750 tantum
1076 703 1184 750 dico
1207 703 1395 749 diurno.

329 773 382 819 In
406 774 552 821 verbo
573 771 764 818 Domini
797 771 981 834 populls
1002 769 1213 835 prodesse
1239 768 1464 818 studebat.

336 838 480 887 Liber
502 841 560 887 ab
585 836 747 887 officiis
772 838 1031 901 aliquando
1046 848 1253 885 remotus
1270 837 1469 899 agebat,

329 908 405 955 Ad
427 908 556 971 quod
580 921 698 970 opus
723 904 887 953 cellam
904 904 1089 959 fibi-vir
1105 901 1413 951 fabricaverat
1434 906 1608 967 aptam.

335 974 536 1022 Nomen
562 974 602 1020 ei
621 973 811 1035 placidus
835 974 941 1018 locus
963 972 1021 1040 οὔ
1037 977 1235 1018 moeroris
1254 974 1429 1016 amicus.

325 1040 437 1088 Otia
459 1040 594 1087 duxit
615 1040 662 1086 in
689 1043 785 1086 hoc
812 1051 1076 1091 remoratus
1097 1040 1321 1103 dogmata
1353 1038 1510 1085 secum

327 1107 454 1156 Cum
480 1107 654 1169 paucls‚
679 1105 897 1169 quotiens
919 1106 1080 1153 filuere
1102 1107 1293 1168 negotia
1313 1120 1472 1165 rerum
1527 1138 1530 1141 Δ

323 1173 619 1237 Ecclefiaeque
639 1178 797 1218 tamen
815 1171 892 1220 sibi
916 1171 1113 1234 praetulit
1126 1173 1388 1219 utilitatem.

322 1240 449 1289 Dum
475 1240 624 1304 viguit
645 1236 842 1303 corpuS‚
875 1240 987 1285 dum
1017 1239 1137 1296 rexit
1157 1240 1372 1286 membra
1386 1233 1620 1301 juventus

328 1308 573 1358 Dimenios
593 1306 766 1360 latices,
789 1305 1014 1370 appensos
1040 1305 1255 1370 pondere
1278 1319 1418 1370 panes

320 1375 512 1440 Degere
540 1389 647 1423 cum
668 1374 798 1423 licuit
818 1373 966 1422 (olum
981 1407 994 1432 ,
1029 1372 1264 1438 saepiffime
1286 1370 1497 1436 sumpsit:

319 1440 483 1492 Gloria
505 1458 627 1494 vana
651 1443 736 1492 viri
760 1456 856 1507 quo
880 1453 1101 1507 tempore
1121 1458 1205 1491 cot
1224 1440 1493 1492 terebravit·

792 1536 836 1585 C
849 1552 878 1585 A
891 1552 929 1586 Ρ.
965 1537 1183 1588 LXXXI.

422 1626 540 1690 Q&
560 1625 684 1686 foret
705 1594 911 1685 Je'q'novig,
948 1627 1050 1671 dum
1076 1640 1190 1673 vana
1208 1634 1349 1670 mente
1362 1618 1565 1687 superbit!

323 1689 549 1755 Coeperat
563 1706 680 1755 ergo
697 1692 772 1738 fibi
795 1693 866 1740 vir
886 1696 1115 1741 maximus
1140 1692 1230 1741 effe
1251 1691 1416 1749 videri,

325 1757 422 1822 Qi
447 1759 506 1806 fic
524 1759 634 1806 tabe
650 1758 785 1806 famis
805 1761 1032 1808 tenuasset
1059 1760 1228 1808 viscera
1250 1760 1432 1817 carnis;

322 1824 465 1872 Sensit
489 1831 542 1872 ut
561 1824 750 1873 interius
772 1824 907 1888 pestis
929 1827 1200 1874 crudescere
1223 1827 1369 1877 virus,
1408 1840 1416 1848 ·

322 1891 551 1939 Sollicitus
572 1906 660 1955 pro
682 1906 734 1939 re
755 1893 969 1954 precibus
1001 1894 1076 1940 fibi
1098 1891 1294 1941 consulit
1322 1889 1432 1953 ipse.'

323 1955 481 2006 Noae
499 1958 753 2020 soporifera
782 1963 1030 2021 torpebant
1061 1959 1278 2023 languida
1298 1956 1541 2010 membr&

322 2023 610 2087 Reppulerat
631 2025 784 2072 carnis
804 2024 1019 2072 somnum
1046 2026 1282 2089 vigilantia
1304 2026 1494 2078 mentis,

316 2092 373 2139 Se
396 2090 527 2156 super
547 2090 660 2140 astra
681 2091 800 2155 rapi,
833 2091 1077 2156 faucefique
1096 2092 1330 2155 dehiscere
1360 2088 1525 2138 mundi

313 2158 447 2207 Vidit
466 2172 520 2219 ut
537 2160 782 2208 horrenda:
805 2159 930 2208 vallis
953 2162 1186 2208 baratrum
1202 2191 1214 2213 ‚
1233 2173 1391 2208 tamen
1410 2157 1522 2206 inde

320 2226 486 2274 Felices
507 2227 683 2274 animas
706 2226 988 2291 consurgere
1011 2229 1122 2276 lucis
1146 2231 1202 2275 ad
1226 2241 1358 2274 auras

314 2290 545 2357 Angeiico
568 2293 737 2354 dudiu3
770 2295 843 2342 sed
869 2297 912 2342 in
936 2295 1031 2357 ipso
1050 2296 1174 2343 valiis
1195 2299 1322 2342 hiatu

318 2362 545 2426 Qaedam
569 2361 780 2409 sementis
805 2363 972 2424 species
994 2367 1205 2428 apparuit
1228 2362 1318 2419 illi,

318 2429 456 2477 Unde
478 2443 626 2492 genus
649 2430 894 2477 hominum
931 2432 1077 2478 carnis
1108 2428 1378 2495 prorumpit
1398 2427 1450 2474 in
1475 2429 1652 2478 ortum(
1698 2412 1703 2413 ⁷

321 2495 601 2561 Aspiciendo
625 2495 780 2556 stupor
801 2506 956 2546 totum
986 2499 1181 2563 pervasit
1205 2497 1249 2546 ὅ(
1276 2498 1463 2554 horror,

322 2564 520 2620 Horruit
540 2562 722 2624 aspe&u
749 2566 881 2628 super
904 2567 997 2614 hoc
1018 2565 1225 2613 mirabile
1256 2565 1381 2626 visu3

319 2631 480 2679 Audiit
500 2629 546 2680 ὅ(
570 2646 741 2680 vocem
764 2633 807 2679 se
822 2633 1099 2696 perti-aciatos
1111 2631 1363 2698 jubentem

314 2698 554 2747 Praesentis
576 2700 680 2747 vitae
700 2714 797 2763 quo
819 2700 1102 2763 proceffiffet
1138 2704 1183 2749 in
1205 2700 1298 2748 effe

320 2765 569 2831 Principio,
595 2766 863 2832 diflumque
883 2769 958 2816 fibi
981 2771 1103 2831 [υἷες
1139 2770 1260 2832 Ergo
1283 2765 1448 2815 vide-to

316 2834 456 2886 Unde
475 2835 678 2901 superbit
701 2835 849 2885 homo
870 2839 1045 2893 modo,
1081 2852 1222 2902 quem
1246 2836 1304 2884 iic
1332 2832 1461 2883 exilis
1480 2829 1531 2894 ι)
1544 2827 1680 2896 origo

693 3004 839 3054 zema
856 3004 1037 3054 variam
1056 3013 1113 3053 ex
1130 3006 1246 3072 Astis
1268 3003 1532 3057 sanflorum.

965 182 1267 248 baschi-feben
1296 196 1403 241 von
1436 187 1708 239 Gualdone.

2143 196 2233 250 183

2079 2928 2143 2973 ao
2167 2912 2232 2963 Et
