<?xml version="1.0" encoding="UTF-8"?>
<!DOCTYPE html PUBLIC "-//W3C//DTD XHTML 1.0 Transitional//EN"
    "http://www.w3.org/TR/xhtml1/DTD/xhtml1-transitional.dtd">
<html xmlns="http://www.w3.org/1999/xhtml" xml:lang="en" lang="en">
 <head>
  <title>
</title>
<meta http-equiv="Content-Type" content="text/html;charset=utf-8" />
  <meta name='ocr-system' content='tesseract 3.04.00' />
  <meta name='ocr-capabilities' content='ocr_page ocr_carea ocr_par ocr_line ocrx_word'/>
</head>
<body>
  <div class='ocr_page' id='page_1' title='image "./historiaecclesia01stap_0423.png"; bbox 0 0 2498 3401; ppageno 0'>
   <div class='ocr_carea' id='block_1_1' title="bbox 137 195 2241 274">
    <p class='ocr_par' dir='ltr' id='par_1_1' title="bbox 137 195 2241 274">
     <span class='ocr_line' id='line_1_1' title="bbox 137 195 2241 274; baseline -0.008 -12"><span class='ocrx_word' id='word_1_1' title='bbox 137 210 295 274; x_wconf 81' lang='lat' dir='ltr'>2Cap.</span> <span class='ocrx_word' id='word_1_2' title='bbox 309 201 665 270; x_wconf 55' lang='lat' dir='ltr'>meiteffieirage.</span> <span class='ocrx_word' id='word_1_3' title='bbox 1095 195 1464 246; x_wconf 68' lang='lat' dir='ltr'>Benedictinum.</span> <span class='ocrx_word' id='word_1_4' title='bbox 2154 210 2241 256; x_wconf 84' lang='lat'>351</span> 
     </span>
    </p>
   </div>
   <div class='ocr_carea' id='block_1_2' title="bbox 2098 278 2243 292">
    <p class='ocr_par' dir='ltr' id='par_1_2' title="bbox 2098 278 2243 292">
     <span class='ocr_line' id='line_1_2' title="bbox 2098 278 2243 292; baseline 0.014 -3"><span class='ocrx_word' id='word_1_5' title='bbox 2098 278 2243 292; x_wconf 62' lang='grc'>*1-</span> 
     </span>
    </p>
   </div>
   <div class='ocr_carea' id='block_1_3' title="bbox 259 317 2139 794">
    <p class='ocr_par' dir='ltr' id='par_1_3' title="bbox 259 317 2139 794">
     <span class='ocr_line' id='line_1_3' title="bbox 259 317 2139 420; baseline -0.009 -1"><span class='ocrx_word' id='word_1_6' title='bbox 259 345 260 348; x_wconf 67' lang='lat'>‘</span> <span class='ocrx_word' id='word_1_7' title='bbox 278 322 773 420; x_wconf 85' lang='lat' dir='ltr'>Beatiflimus</span> <span class='ocrx_word' id='word_1_8' title='bbox 789 321 1019 413; x_wconf 87' lang='lat' dir='ltr'>Pater</span> <span class='ocrx_word' id='word_1_9' title='bbox 1031 317 1519 411; x_wconf 64' lang='lat' dir='ltr'>Benedictus</span> <span class='ocrx_word' id='word_1_10' title='bbox 1533 321 1913 407; x_wconf 85' lang='lat' dir='ltr'>Summus</span> <span class='ocrx_word' id='word_1_11' title='bbox 1928 320 2139 413; x_wconf 87' lang='lat' dir='ltr'>Pon-</span> 
     </span>
     <span class='ocr_line' id='line_1_4' title="bbox 273 439 2137 563; baseline -0.009 -19"><span class='ocrx_word' id='word_1_12' title='bbox 273 452 495 547; x_wconf 82' lang='lat' dir='ltr'>tifex</span> <span class='ocrx_word' id='word_1_13' title='bbox 536 450 621 541; x_wconf 88' lang='lat' dir='ltr'>in</span> <span class='ocrx_word' id='word_1_14' title='bbox 675 449 1023 540; x_wconf 80' lang='lat' dir='ltr'>Exilium</span> <span class='ocrx_word' id='word_1_15' title='bbox 1102 442 1370 536; x_wconf 79' lang='lat' dir='ltr'>missus</span> <span class='ocrx_word' id='word_1_16' title='bbox 1424 439 2137 563; x_wconf 80' lang='lat' dir='ltr'>Hammaburgum</span> 
     </span>
     <span class='ocr_line' id='line_1_5' title="bbox 277 563 2137 669; baseline -0.006 -1"><span class='ocrx_word' id='word_1_17' title='bbox 277 608 473 669; x_wconf 88' lang='lat' dir='ltr'>cum</span> <span class='ocrx_word' id='word_1_18' title='bbox 500 606 727 666; x_wconf 87' lang='lat' dir='ltr'>nunc</span> <span class='ocrx_word' id='word_1_19' title='bbox 759 569 1280 664; x_wconf 83' lang='lat' dir='ltr'>revocandus</span> <span class='ocrx_word' id='word_1_20' title='bbox 1320 566 1516 658; x_wconf 77' lang='lat' dir='ltr'>esset</span> <span class='ocrx_word' id='word_1_21' title='bbox 1565 573 1650 657; x_wconf 88' lang='lat'>&amp;</span> <span class='ocrx_word' id='word_1_22' title='bbox 1688 564 1789 656; x_wconf 85' lang='lat' dir='ltr'>ad</span> <span class='ocrx_word' id='word_1_23' title='bbox 1812 563 2137 656; x_wconf 87' lang='lat' dir='ltr'>Pontifi-</span> 
     </span>
     <span class='ocr_line' id='line_1_6' title="bbox 274 690 2138 794; baseline -0.006 -1"><span class='ocrx_word' id='word_1_24' title='bbox 274 729 546 794; x_wconf 85' lang='lat' dir='ltr'>catum</span> <span class='ocrx_word' id='word_1_25' title='bbox 598 699 1041 791; x_wconf 82' lang='lat' dir='ltr'><strong>duceretur</strong></span> <span class='ocrx_word' id='word_1_26' title='bbox 1086 696 1389 788; x_wconf 84' lang='lat' dir='ltr'>dolore</span> <span class='ocrx_word' id='word_1_27' title='bbox 1428 693 1673 785; x_wconf 85' lang='lat' dir='ltr'>animi</span> <span class='ocrx_word' id='word_1_28' title='bbox 1710 690 2138 783; x_wconf 60' lang='lat' dir='ltr'>confectus</span> 
     </span>
    </p>
   </div>
   <div class='ocr_carea' id='block_1_4' title="bbox 271 817 1994 952">
    <p class='ocr_par' dir='ltr' id='par_1_4' title="bbox 271 817 1994 952">
     <span class='ocr_line' id='line_1_7' title="bbox 271 817 1994 952; baseline -0.008 -32"><span class='ocrx_word' id='word_1_29' title='bbox 271 823 360 920; x_wconf 85' lang='lat' dir='ltr'>in</span> <span class='ocrx_word' id='word_1_30' title='bbox 385 833 592 923; x_wconf 84' lang='lat' dir='ltr'>Pace</span> <span class='ocrx_word' id='word_1_31' title='bbox 620 826 933 952; x_wconf 85' lang='lat' dir='ltr'>quievit</span> <span class='ocrx_word' id='word_1_32' title='bbox 954 851 1198 950; x_wconf 86' lang='lat' dir='ltr'>atque</span> <span class='ocrx_word' id='word_1_33' title='bbox 1224 821 1360 918; x_wconf 87' lang='lat' dir='ltr'>hic</span> <span class='ocrx_word' id='word_1_34' title='bbox 1391 820 1826 913; x_wconf 83' lang='lat' dir='ltr'>tumulatus</span> <span class='ocrx_word' id='word_1_35' title='bbox 1841 950 1843 952; x_wconf 8' lang='grc' dir='ltr'>Ι</span> <span class='ocrx_word' id='word_1_36' title='bbox 1859 817 1994 909; x_wconf 87' lang='lat' dir='ltr'>est.</span> 
     </span>
    </p>
   </div>
   <div class='ocr_carea' id='block_1_5' title="bbox 13 989 2254 1681">
    <p class='ocr_par' dir='ltr' id='par_1_5' title="bbox 13 989 2254 1681">
     <span class='ocr_line' id='line_1_8' title="bbox 53 989 2251 1066; baseline -0.007 -14"><span class='ocrx_word' id='word_1_37' title='bbox 53 1003 172 1052; x_wconf 87' lang='lat' dir='ltr'>Dico</span> <span class='ocrx_word' id='word_1_38' title='bbox 193 1000 290 1050; x_wconf 77' lang='lat' dir='ltr'>fere</span> <span class='ocrx_word' id='word_1_39' title='bbox 312 1001 370 1066; x_wconf 82' lang='lat' dir='ltr'>sic</span> <span class='ocrx_word' id='word_1_40' title='bbox 389 1011 669 1065; x_wconf 87' lang='lat' dir='ltr'>conceptam</span> <span class='ocrx_word' id='word_1_41' title='bbox 688 998 819 1047; x_wconf 70' lang='lat' dir='ltr'>fuisse</span> <span class='ocrx_word' id='word_1_42' title='bbox 840 997 1190 1062; x_wconf 77' lang='lat' dir='ltr'>inscriptionem</span> <span class='ocrx_word' id='word_1_43' title='bbox 1212 994 1491 1060; x_wconf 85' lang='lat' dir='ltr'>Sarcophagi</span> <span class='ocrx_word' id='word_1_44' title='bbox 1511 991 1795 1043; x_wconf 71' lang='lat' dir='ltr'>Benediffini</span> <span class='ocrx_word' id='word_1_45' title='bbox 1808 1024 1824 1050; x_wconf 90' lang='lat'>‚</span> <span class='ocrx_word' id='word_1_46' title='bbox 1847 990 1988 1057; x_wconf 78' lang='lat' dir='ltr'>quam</span> <span class='ocrx_word' id='word_1_47' title='bbox 2004 989 2251 1039; x_wconf 88' lang='lat' dir='ltr'>Crantzius</span> 
     </span>
     <span class='ocr_line' id='line_1_9' title="bbox 51 1056 2251 1128; baseline -0.006 -11"><span class='ocrx_word' id='word_1_48' title='bbox 51 1071 190 1121; x_wconf 71' lang='lat' dir='ltr'>vivus</span> <span class='ocrx_word' id='word_1_49' title='bbox 213 1070 365 1116; x_wconf 87' lang='lat' dir='ltr'>adhuc</span> <span class='ocrx_word' id='word_1_50' title='bbox 387 1068 469 1114; x_wconf 79' lang='lat' dir='ltr'>suis</span> <span class='ocrx_word' id='word_1_51' title='bbox 494 1065 638 1115; x_wconf 88' lang='lat' dir='ltr'>oculis</span> <span class='ocrx_word' id='word_1_52' title='bbox 661 1066 778 1114; x_wconf 87' lang='lat' dir='ltr'>vidit</span> <span class='ocrx_word' id='word_1_53' title='bbox 797 1083 810 1112; x_wconf 72' lang='grc' dir='ltr'><strong>ε</strong></span> <span class='ocrx_word' id='word_1_54' title='bbox 845 1065 920 1113; x_wconf 87' lang='lat' dir='ltr'>sed</span> <span class='ocrx_word' id='word_1_55' title='bbox 941 1065 1164 1128; x_wconf 88' lang='lat' dir='ltr'>quoniam</span> <span class='ocrx_word' id='word_1_56' title='bbox 1178 1064 1431 1113; x_wconf 87' lang='lat' dir='ltr'>Crantzius</span> <span class='ocrx_word' id='word_1_57' title='bbox 1452 1064 1716 1127; x_wconf 83' lang='lat' dir='ltr'>integram,</span> <span class='ocrx_word' id='word_1_58' title='bbox 1740 1061 1865 1108; x_wconf 88' lang='lat' dir='ltr'>haud</span> <span class='ocrx_word' id='word_1_59' title='bbox 1885 1058 2097 1111; x_wconf 82' lang='lat' dir='ltr'>adduxit,</span> <span class='ocrx_word' id='word_1_60' title='bbox 2118 1056 2251 1105; x_wconf 85' lang='lat' dir='ltr'>nobis</span> 
     </span>
     <span class='ocr_line' id='line_1_10' title="bbox 50 1123 2249 1199; baseline -0.006 -16"><span class='ocrx_word' id='word_1_61' title='bbox 50 1149 242 1199; x_wconf 88' lang='lat' dir='ltr'>quoque</span> <span class='ocrx_word' id='word_1_62' title='bbox 264 1136 387 1182; x_wconf 86' lang='lat' dir='ltr'>haud</span> <span class='ocrx_word' id='word_1_63' title='bbox 410 1133 551 1180; x_wconf 87' lang='lat' dir='ltr'>fuerit</span> <span class='ocrx_word' id='word_1_64' title='bbox 572 1133 826 1196; x_wconf 85' lang='lat' dir='ltr'>integrum,</span> <span class='ocrx_word' id='word_1_65' title='bbox 839 1131 908 1179; x_wconf 90' lang='lat' dir='ltr'>illa</span> <span class='ocrx_word' id='word_1_66' title='bbox 921 1132 1082 1179; x_wconf 88' lang='lat' dir='ltr'>omnia</span> <span class='ocrx_word' id='word_1_67' title='bbox 1095 1132 1243 1180; x_wconf 85' lang='lat' dir='ltr'>verba</span> <span class='ocrx_word' id='word_1_68' title='bbox 1255 1132 1479 1186; x_wconf 80' lang='lat' dir='ltr'>divinare,</span> <span class='ocrx_word' id='word_1_69' title='bbox 1492 1136 1593 1194; x_wconf 81' lang='lat' dir='ltr'>quae&#39;</span> <span class='ocrx_word' id='word_1_70' title='bbox 1612 1129 1732 1177; x_wconf 74' lang='lat' dir='ltr'>forte</span> <span class='ocrx_word' id='word_1_71' title='bbox 1744 1126 2067 1190; x_wconf 75' lang='lat' dir='ltr'>sarcophagus</span> <span class='ocrx_word' id='word_1_72' title='bbox 2080 1123 2157 1172; x_wconf 89' lang='lat' dir='ltr'>iste</span> <span class='ocrx_word' id='word_1_73' title='bbox 2169 1124 2249 1170; x_wconf 85' lang='lat' dir='ltr'>ha-</span> 
     </span>
     <span class='ocr_line' id='line_1_11' title="bbox 48 1192 2252 1261; baseline -0.005 -12"><span class='ocrx_word' id='word_1_74' title='bbox 48 1202 164 1250; x_wconf 87' lang='lat' dir='ltr'>buit.</span> <span class='ocrx_word' id='word_1_75' title='bbox 235 1200 425 1247; x_wconf 85' lang='lat' dir='ltr'>Utinam</span> <span class='ocrx_word' id='word_1_76' title='bbox 438 1198 690 1246; x_wconf 89' lang='lat' dir='ltr'>Crantzius</span> <span class='ocrx_word' id='word_1_77' title='bbox 712 1197 966 1247; x_wconf 78' lang='lat' dir='ltr'>inseruisset</span> <span class='ocrx_word' id='word_1_78' title='bbox 983 1196 1181 1246; x_wconf 84' lang='lat' dir='ltr'>historiae</span> <span class='ocrx_word' id='word_1_79' title='bbox 1207 1198 1294 1244; x_wconf 78' lang='lat' dir='ltr'>shae</span> <span class='ocrx_word' id='word_1_80' title='bbox 1316 1197 1504 1261; x_wconf 79' lang='lat' dir='ltr'>singula,</span> <span class='ocrx_word' id='word_1_81' title='bbox 1519 1197 1641 1244; x_wconf 89' lang='lat' dir='ltr'>haud</span> <span class='ocrx_word' id='word_1_82' title='bbox 1663 1194 1795 1244; x_wconf 88' lang='lat' dir='ltr'>locus</span> <span class='ocrx_word' id='word_1_83' title='bbox 1817 1193 1966 1242; x_wconf 79' lang='lat' dir='ltr'>fuisiet</span> <span class='ocrx_word' id='word_1_84' title='bbox 1988 1192 2099 1241; x_wconf 87' lang='lat' dir='ltr'>huic</span> <span class='ocrx_word' id='word_1_85' title='bbox 2115 1204 2252 1240; x_wconf 82' lang='lat' dir='ltr'>novae</span> 
     </span>
     <span class='ocr_line' id='line_1_12' title="bbox 47 1256 2249 1329; baseline -0.005 -13"><span class='ocrx_word' id='word_1_86' title='bbox 47 1265 330 1329; x_wconf 80' lang='lat' dir='ltr'>inscriptioni</span> <span class='ocrx_word' id='word_1_87' title='bbox 354 1265 613 1312; x_wconf 85' lang='lat' dir='ltr'>hodienum</span> <span class='ocrx_word' id='word_1_88' title='bbox 637 1264 1018 1322; x_wconf 87' lang='lat' dir='ltr'>exstanti,minus</span> <span class='ocrx_word' id='word_1_89' title='bbox 1031 1263 1230 1327; x_wconf 83' lang='lat' dir='ltr'>antiquae</span> <span class='ocrx_word' id='word_1_90' title='bbox 1253 1262 1470 1312; x_wconf 82' lang='lat' dir='ltr'>&amp;minus</span> <span class='ocrx_word' id='word_1_91' title='bbox 1481 1274 1622 1326; x_wconf 80' lang='lat' dir='ltr'>aptae.</span> <span class='ocrx_word' id='word_1_92' title='bbox 1687 1263 1776 1309; x_wconf 85' lang='lat' dir='ltr'>Sed</span> <span class='ocrx_word' id='word_1_93' title='bbox 1800 1276 1881 1309; x_wconf 89' lang='lat' dir='ltr'>cur</span> <span class='ocrx_word' id='word_1_94' title='bbox 1902 1261 1964 1309; x_wconf 88' lang='lat' dir='ltr'>ita</span> <span class='ocrx_word' id='word_1_95' title='bbox 1986 1256 2249 1323; x_wconf 83' lang='lat' dir='ltr'>conjiciam,</span> 
     </span>
     <span class='ocr_line' id='line_1_13' title="bbox 13 1325 2254 1397; baseline -0.004 -14"><span class='ocrx_word' id='word_1_96' title='bbox 13 1380 31 1397; x_wconf 75' lang='lat'><em>,</em></span> <span class='ocrx_word' id='word_1_97' title='bbox 49 1348 156 1384; x_wconf 79' lang='lat' dir='ltr'>aevo</span> <span class='ocrx_word' id='word_1_98' title='bbox 169 1331 376 1381; x_wconf 87' lang='lat' dir='ltr'>Crantzii</span> <span class='ocrx_word' id='word_1_99' title='bbox 403 1330 597 1397; x_wconf 75' lang='lat' dir='ltr'>potuisse</span> <span class='ocrx_word' id='word_1_100' title='bbox 609 1331 966 1397; x_wconf 76' lang='lat' dir='ltr'>sarcophagum</span> <span class='ocrx_word' id='word_1_101' title='bbox 987 1330 1261 1395; x_wconf 79' lang='lat' dir='ltr'>inscriptum</span> <span class='ocrx_word' id='word_1_102' title='bbox 1285 1329 1450 1382; x_wconf 87' lang='lat' dir='ltr'>videri,</span> <span class='ocrx_word' id='word_1_103' title='bbox 1468 1343 1527 1377; x_wconf 87' lang='lat' dir='ltr'>ex</span> <span class='ocrx_word' id='word_1_104' title='bbox 1551 1328 1648 1393; x_wconf 86' lang='lat' dir='ltr'>ipso</span> <span class='ocrx_word' id='word_1_105' title='bbox 1668 1328 1896 1377; x_wconf 89' lang='lat' dir='ltr'>Crantzio</span> <span class='ocrx_word' id='word_1_106' title='bbox 1917 1328 2122 1376; x_wconf 87' lang='lat' dir='ltr'>rationes</span> <span class='ocrx_word' id='word_1_107' title='bbox 2147 1325 2254 1374; x_wconf 87' lang='lat' dir='ltr'>sub-</span> 
     </span>
     <span class='ocr_line' id='line_1_14' title="bbox 37 1391 2253 1462; baseline -0.005 -11"><span class='ocrx_word' id='word_1_108' title='bbox 37 1399 377 1456; x_wconf 73' lang='lat' dir='ltr'>ministrantur.</span> <span class='ocrx_word' id='word_1_109' title='bbox 511 1399 638 1447; x_wconf 88' lang='lat' dir='ltr'>Nam</span> <span class='ocrx_word' id='word_1_110' title='bbox 665 1397 825 1448; x_wconf 86' lang='lat' dir='ltr'>ultima</span> <span class='ocrx_word' id='word_1_111' title='bbox 845 1402 990 1447; x_wconf 85' lang='lat' dir='ltr'>verba</span> <span class='ocrx_word' id='word_1_112' title='bbox 1013 1397 1320 1462; x_wconf 87' lang='lat' dir='ltr'>inscriptionis</span> <span class='ocrx_word' id='word_1_113' title='bbox 1344 1398 1394 1446; x_wconf 89' lang='lat' dir='ltr'>in</span> <span class='ocrx_word' id='word_1_114' title='bbox 1420 1396 1632 1445; x_wconf 88' lang='lat' dir='ltr'>medium</span> <span class='ocrx_word' id='word_1_115' title='bbox 1654 1395 1788 1444; x_wconf 87' lang='lat' dir='ltr'>allata</span> <span class='ocrx_word' id='word_1_116' title='bbox 1809 1395 1910 1443; x_wconf 89' lang='lat' dir='ltr'>sunt</span> <span class='ocrx_word' id='word_1_117' title='bbox 1933 1409 2031 1442; x_wconf 93' lang='lat' dir='ltr'>non</span> <span class='ocrx_word' id='word_1_118' title='bbox 2055 1392 2195 1442; x_wconf 88' lang='lat' dir='ltr'>semel</span> <span class='ocrx_word' id='word_1_119' title='bbox 2224 1391 2253 1440; x_wconf 68' lang='lat' dir='ltr'>a</span> 
     </span>
     <span class='ocr_line' id='line_1_15' title="bbox 28 1459 2253 1532; baseline -0.005 -13"><span class='ocrx_word' id='word_1_120' title='bbox 28 1468 354 1523; x_wconf 62' lang='lat' dir='ltr'>„Crantzio,ut</span> <span class='ocrx_word' id='word_1_121' title='bbox 375 1466 434 1514; x_wconf 89' lang='lat' dir='ltr'>de</span> <span class='ocrx_word' id='word_1_122' title='bbox 454 1465 538 1514; x_wconf 89' lang='lat' dir='ltr'>illis</span> <span class='ocrx_word' id='word_1_123' title='bbox 553 1465 748 1532; x_wconf 88' lang='lat' dir='ltr'>amplius</span> <span class='ocrx_word' id='word_1_124' title='bbox 764 1466 962 1514; x_wconf 87' lang='lat' dir='ltr'>dubitari</span> <span class='ocrx_word' id='word_1_125' title='bbox 985 1477 1200 1530; x_wconf 84' lang='lat' dir='ltr'>nequeat,</span> <span class='ocrx_word' id='word_1_126' title='bbox 1216 1459 1329 1529; x_wconf 81' lang='lat' dir='ltr'>quin</span> <span class='ocrx_word' id='word_1_127' title='bbox 1351 1464 1622 1514; x_wconf 84' lang='lat' dir='ltr'>exstiterint.</span> <span class='ocrx_word' id='word_1_128' title='bbox 1694 1467 1887 1511; x_wconf 88' lang='lat' dir='ltr'>Annum</span> <span class='ocrx_word' id='word_1_129' title='bbox 1911 1461 2101 1527; x_wconf 87' lang='lat' dir='ltr'>quidem</span> <span class='ocrx_word' id='word_1_130' title='bbox 2123 1459 2253 1509; x_wconf 87' lang='lat' dir='ltr'>haud</span> 
     </span>
     <span class='ocr_line' id='line_1_16' title="bbox 48 1527 2250 1599; baseline -0.004 -14"><span class='ocrx_word' id='word_1_131' title='bbox 48 1531 266 1597; x_wconf 81' lang='lat' dir='ltr'>expreffit</span> <span class='ocrx_word' id='word_1_132' title='bbox 286 1563 301 1587; x_wconf 84' lang='lat'>‚</span> <span class='ocrx_word' id='word_1_133' title='bbox 320 1532 412 1599; x_wconf 70' lang='lat' dir='ltr'>sed</span> <span class='ocrx_word' id='word_1_134' title='bbox 436 1544 643 1582; x_wconf 87' lang='lat' dir='ltr'>erratum</span> <span class='ocrx_word' id='word_1_135' title='bbox 663 1534 711 1581; x_wconf 91' lang='lat' dir='ltr'>in</span> <span class='ocrx_word' id='word_1_136' title='bbox 736 1549 795 1583; x_wconf 87' lang='lat' dir='ltr'>eo</span> <span class='ocrx_word' id='word_1_137' title='bbox 818 1533 946 1583; x_wconf 81' lang='lat' dir='ltr'>fuiffe</span> <span class='ocrx_word' id='word_1_138' title='bbox 970 1534 1183 1587; x_wconf 85' lang='lat' dir='ltr'>monuit,</span> <span class='ocrx_word' id='word_1_139' title='bbox 1209 1532 1413 1597; x_wconf 83' lang='lat' dir='ltr'>&amp;longe</span> <span class='ocrx_word' id='word_1_140' title='bbox 1430 1528 1666 1580; x_wconf 82' lang='lat' dir='ltr'>disceffisse</span> <span class='ocrx_word' id='word_1_141' title='bbox 1679 1530 1736 1577; x_wconf 91' lang='lat' dir='ltr'>ab</span> <span class='ocrx_word' id='word_1_142' title='bbox 1750 1545 1875 1578; x_wconf 92' lang='lat' dir='ltr'>anno</span> <span class='ocrx_word' id='word_1_143' title='bbox 1890 1527 2250 1593; x_wconf 84' lang='lat' dir='ltr'>nongentesimo</span> 
     </span>
     <span class='ocr_line' id='line_1_17' title="bbox 48 1594 2069 1681; baseline -0.004 -30"><span class='ocrx_word' id='word_1_144' title='bbox 48 1600 428 1668; x_wconf 83' lang='lat' dir='ltr'>quinquagesimo</span> <span class='ocrx_word' id='word_1_145' title='bbox 442 1600 584 1659; x_wconf 66' lang='lat' dir='ltr'>semo,</span> <span class='ocrx_word' id='word_1_146' title='bbox 602 1615 744 1667; x_wconf 87' lang='lat' dir='ltr'>quem</span> <span class='ocrx_word' id='word_1_147' title='bbox 758 1616 847 1666; x_wconf 89' lang='lat' dir='ltr'>pro</span> <span class='ocrx_word' id='word_1_148' title='bbox 866 1610 982 1652; x_wconf 83' lang='lat' dir='ltr'>vero</span> <span class='ocrx_word' id='word_1_149' title='bbox 993 1601 1153 1681; x_wconf 67' lang='lat' dir='ltr'>habuit</span> <span class='ocrx_word' id='word_1_150' title='bbox 1167 1600 1428 1655; x_wconf 87' lang='lat' dir='ltr'>Crantzius,</span> <span class='ocrx_word' id='word_1_151' title='bbox 1441 1599 1469 1647; x_wconf 89' lang='lat' dir='ltr'>si</span> <span class='ocrx_word' id='word_1_152' title='bbox 1483 1614 1591 1649; x_wconf 85' lang='lat' dir='ltr'>vera</span> <span class='ocrx_word' id='word_1_153' title='bbox 1605 1597 1667 1647; x_wconf 87' lang='lat' dir='ltr'>est</span> <span class='ocrx_word' id='word_1_154' title='bbox 1681 1595 1801 1646; x_wconf 87' lang='lat' dir='ltr'>istius</span> <span class='ocrx_word' id='word_1_155' title='bbox 1817 1597 1904 1646; x_wconf 89' lang='lat' dir='ltr'>loci</span> <span class='ocrx_word' id='word_1_156' title='bbox 1917 1594 2069 1645; x_wconf 65' lang='lat' dir='ltr'>leeiio.</span> 
     </span>
    </p>
   </div>
   <div class='ocr_carea' id='block_1_6' title="bbox 69 275 2095 308">
    <p class='ocr_par' dir='ltr' id='par_1_6' title="bbox 69 275 2095 308">
     <span class='ocr_line' id='line_1_18' title="bbox 69 275 2095 308; baseline 0 3093"><span class='ocrx_word' id='word_1_157' title='bbox 69 275 2095 308; x_wconf 95' lang='lat' dir='ltr'> </span> 
     </span>
    </p>
   </div>
   <div class='ocr_carea' id='block_1_7' title="bbox 0 1691 2253 2906">
    <p class='ocr_par' dir='ltr' id='par_1_7' title="bbox 0 1691 2253 2906">
     <span class='ocr_line' id='line_1_19' title="bbox 223 1691 2253 1762; baseline -0.003 -18"><span class='ocrx_word' id='word_1_158' title='bbox 223 1697 411 1762; x_wconf 78' lang='lat' dir='ltr'>Quare,</span> <span class='ocrx_word' id='word_1_159' title='bbox 437 1711 545 1744; x_wconf 90' lang='lat' dir='ltr'>curn</span> <span class='ocrx_word' id='word_1_160' title='bbox 559 1695 1059 1762; x_wconf 73' lang='lat' dir='ltr'>schowenburgens‘es</span> <span class='ocrx_word' id='word_1_161' title='bbox 1070 1694 1309 1759; x_wconf 87' lang='lat' dir='ltr'>Principes</span> <span class='ocrx_word' id='word_1_162' title='bbox 1332 1694 1514 1759; x_wconf 86' lang='lat' dir='ltr'>templo</span> <span class='ocrx_word' id='word_1_163' title='bbox 1538 1693 1696 1743; x_wconf 89' lang='lat' dir='ltr'>nostro</span> <span class='ocrx_word' id='word_1_164' title='bbox 1719 1693 1985 1742; x_wconf 83' lang='lat' dir='ltr'>Cathedrali</span> <span class='ocrx_word' id='word_1_165' title='bbox 2010 1691 2085 1739; x_wconf 88' lang='lat' dir='ltr'>sua</span> <span class='ocrx_word' id='word_1_166' title='bbox 2108 1702 2253 1754; x_wconf 84' lang='lat' dir='ltr'>opera</span> 
     </span>
     <span class='ocr_line' id='line_1_20' title="bbox 48 1755 2251 1827; baseline -0.003 -17"><span class='ocrx_word' id='word_1_167' title='bbox 48 1762 366 1827; x_wconf 79' lang='lat' dir='ltr'>pulcherrime</span> <span class='ocrx_word' id='word_1_168' title='bbox 378 1763 601 1810; x_wconf 85' lang='lat' dir='ltr'>fabricato</span> <span class='ocrx_word' id='word_1_169' title='bbox 615 1761 662 1810; x_wconf 71' lang='grc' dir='ltr'>ὃ(</span> <span class='ocrx_word' id='word_1_170' title='bbox 676 1762 882 1826; x_wconf 54' lang='lat' dir='ltr'>perfeeto</span> <span class='ocrx_word' id='word_1_171' title='bbox 894 1796 908 1820; x_wconf 87' lang='lat'>‚</span> <span class='ocrx_word' id='word_1_172' title='bbox 930 1765 976 1811; x_wconf 88' lang='lat' dir='ltr'>in</span> <span class='ocrx_word' id='word_1_173' title='bbox 991 1763 1266 1810; x_wconf 88' lang='lat' dir='ltr'>memoriam</span> <span class='ocrx_word' id='word_1_174' title='bbox 1283 1763 1346 1809; x_wconf 88' lang='lat' dir='ltr'>rei</span> <span class='ocrx_word' id='word_1_175' title='bbox 1359 1763 1493 1826; x_wconf 86' lang='lat' dir='ltr'>gestae</span> <span class='ocrx_word' id='word_1_176' title='bbox 1505 1763 1573 1809; x_wconf 88' lang='lat' dir='ltr'>his</span> <span class='ocrx_word' id='word_1_177' title='bbox 1587 1761 1698 1809; x_wconf 86' lang='lat' dir='ltr'>locis</span> <span class='ocrx_word' id='word_1_178' title='bbox 1722 1776 1830 1808; x_wconf 87' lang='lat' dir='ltr'>cum</span> <span class='ocrx_word' id='word_1_179' title='bbox 1845 1756 2097 1808; x_wconf 74' lang='grc' dir='ltr'>Βεηεάῑᾶο</span> <span class='ocrx_word' id='word_1_180' title='bbox 2109 1755 2251 1820; x_wconf 84' lang='lat' dir='ltr'>Papa,</span> 
     </span>
     <span class='ocr_line' id='line_1_21' title="bbox 51 1824 2248 1892; baseline -0.003 -15"><span class='ocrx_word' id='word_1_181' title='bbox 51 1828 100 1877; x_wconf 74' lang='grc' dir='ltr'>ὅ(</span> <span class='ocrx_word' id='word_1_182' title='bbox 121 1830 170 1876; x_wconf 90' lang='lat' dir='ltr'>in</span> <span class='ocrx_word' id='word_1_183' title='bbox 192 1826 290 1891; x_wconf 83' lang='lat' dir='ltr'>ejus</span> <span class='ocrx_word' id='word_1_184' title='bbox 312 1831 547 1876; x_wconf 90' lang='lat' dir='ltr'>honorem</span> <span class='ocrx_word' id='word_1_185' title='bbox 571 1843 937 1879; x_wconf 82' lang='lat' dir='ltr'>monumentum</span> <span class='ocrx_word' id='word_1_186' title='bbox 963 1829 1152 1892; x_wconf 86' lang='lat' dir='ltr'>aliquod</span> <span class='ocrx_word' id='word_1_187' title='bbox 1177 1828 1350 1891; x_wconf 76' lang='lat' dir='ltr'>insigne</span> <span class='ocrx_word' id='word_1_188' title='bbox 1371 1830 1427 1874; x_wconf 89' lang='lat' dir='ltr'>ad</span> <span class='ocrx_word' id='word_1_189' title='bbox 1450 1827 1765 1890; x_wconf 85' lang='lat' dir='ltr'>posteritatem</span> <span class='ocrx_word' id='word_1_190' title='bbox 1790 1826 1965 1874; x_wconf 86' lang='lat' dir='ltr'>exstare</span> <span class='ocrx_word' id='word_1_191' title='bbox 1987 1824 2248 1876; x_wconf 84' lang='lat' dir='ltr'>voluerint,</span> 
     </span>
     <span class='ocr_line' id='line_1_22' title="bbox 48 1889 2251 1959; baseline -0.003 -16"><span class='ocrx_word' id='word_1_192' title='bbox 48 1897 175 1944; x_wconf 89' lang='lat' dir='ltr'>haud</span> <span class='ocrx_word' id='word_1_193' title='bbox 187 1894 326 1953; x_wconf 78' lang='lat' dir='ltr'>ausim</span> <span class='ocrx_word' id='word_1_194' title='bbox 340 1895 635 1959; x_wconf 83' lang='lat' dir='ltr'>negligentiae</span> <span class='ocrx_word' id='word_1_195' title='bbox 659 1896 1156 1959; x_wconf 86' lang='lat' dir='ltr'>autignorantiaeipsos</span> <span class='ocrx_word' id='word_1_196' title='bbox 1173 1895 1400 1947; x_wconf 73' lang='lat' dir='ltr'>incusare,</span> <span class='ocrx_word' id='word_1_197' title='bbox 1433 1893 1506 1942; x_wconf 89' lang='lat' dir='ltr'>vel</span> <span class='ocrx_word' id='word_1_198' title='bbox 1527 1909 1633 1946; x_wconf 88' lang='lat' dir='ltr'>eos,</span> <span class='ocrx_word' id='word_1_199' title='bbox 1655 1894 1821 1957; x_wconf 90' lang='lat' dir='ltr'>quibus</span> <span class='ocrx_word' id='word_1_200' title='bbox 1847 1893 1892 1940; x_wconf 87' lang='lat' dir='ltr'>hi</span> <span class='ocrx_word' id='word_1_201' title='bbox 1914 1891 2149 1955; x_wconf 87' lang='lat' dir='ltr'>Principes</span> <span class='ocrx_word' id='word_1_202' title='bbox 2171 1889 2251 1953; x_wconf 88' lang='lat' dir='ltr'>pio</span> 
     </span>
     <span class='ocr_line' id='line_1_23' title="bbox 49 1953 2251 2026; baseline -0.003 -15"><span class='ocrx_word' id='word_1_203' title='bbox 49 1963 207 2011; x_wconf 86' lang='lat' dir='ltr'>animo</span> <span class='ocrx_word' id='word_1_204' title='bbox 220 1963 314 2010; x_wconf 88' lang='lat' dir='ltr'>hoc</span> <span class='ocrx_word' id='word_1_205' title='bbox 333 1962 682 2026; x_wconf 86' lang='lat' dir='ltr'>procurandum</span> <span class='ocrx_word' id='word_1_206' title='bbox 698 1962 934 2010; x_wconf 87' lang='lat' dir='ltr'>dederunt</span> <span class='ocrx_word' id='word_1_207' title='bbox 955 1978 971 2022; x_wconf 84' lang='lat'><em>3</em></span> <span class='ocrx_word' id='word_1_208' title='bbox 1005 1962 1079 2009; x_wconf 87' lang='lat' dir='ltr'>sed</span> <span class='ocrx_word' id='word_1_209' title='bbox 1102 1958 1192 2022; x_wconf 81' lang='lat' dir='ltr'>jam</span> <span class='ocrx_word' id='word_1_210' title='bbox 1215 1958 1376 2025; x_wconf 76' lang='lat' dir='ltr'>passim</span> <span class='ocrx_word' id='word_1_211' title='bbox 1399 1961 1520 2009; x_wconf 87' lang='lat' dir='ltr'>illam</span> <span class='ocrx_word' id='word_1_212' title='bbox 1546 1959 1715 2008; x_wconf 61' lang='lat' dir='ltr'>factam</span> <span class='ocrx_word' id='word_1_213' title='bbox 1742 1958 1983 2008; x_wconf 70' lang='lat' dir='ltr'>inolevisse</span> <span class='ocrx_word' id='word_1_214' title='bbox 2003 1957 2185 2014; x_wconf 80' lang='lat' dir='ltr'>censen,</span> <span class='ocrx_word' id='word_1_215' title='bbox 2199 1953 2251 2005; x_wconf 72' lang='grc' dir='ltr'>ὅ(</span> 
     </span>
     <span class='ocr_line' id='line_1_24' title="bbox 49 2023 2251 2094; baseline -0.003 -17"><span class='ocrx_word' id='word_1_216' title='bbox 49 2044 137 2094; x_wconf 88' lang='lat' dir='ltr'>pro</span> <span class='ocrx_word' id='word_1_217' title='bbox 152 2044 259 2078; x_wconf 88' lang='lat' dir='ltr'>vera</span> <span class='ocrx_word' id='word_1_218' title='bbox 273 2029 492 2076; x_wconf 88' lang='lat' dir='ltr'>trad-itam</span> <span class='ocrx_word' id='word_1_219' title='bbox 506 2030 561 2074; x_wconf 88' lang='lat' dir='ltr'>ad</span> <span class='ocrx_word' id='word_1_220' title='bbox 586 2028 707 2076; x_wconf 87' lang='lat' dir='ltr'>istius</span> <span class='ocrx_word' id='word_1_221' title='bbox 728 2029 864 2092; x_wconf 86' lang='lat' dir='ltr'>seculi</span> <span class='ocrx_word' id='word_1_222' title='bbox 886 2029 1100 2077; x_wconf 88' lang='lat' dir='ltr'>homines</span> <span class='ocrx_word' id='word_1_223' title='bbox 1125 2027 1398 2091; x_wconf 79' lang='lat' dir='ltr'>pervenisse,</span> <span class='ocrx_word' id='word_1_224' title='bbox 1411 2026 1705 2075; x_wconf 66' lang='lat' dir='ltr'>Benedie&#39;tum</span> <span class='ocrx_word' id='word_1_225' title='bbox 1730 2026 1809 2074; x_wconf 88' lang='lat' dir='ltr'>sub</span> <span class='ocrx_word' id='word_1_226' title='bbox 1824 2025 2074 2075; x_wconf 87' lang='lat' dir='ltr'>Ludovico</span> <span class='ocrx_word' id='word_1_227' title='bbox 2085 2023 2169 2072; x_wconf 90' lang='lat' dir='ltr'>Pio</span> <span class='ocrx_word' id='word_1_228' title='bbox 2189 2023 2251 2071; x_wconf 84' lang='lat' dir='ltr'>ad</span> 
     </span>
     <span class='ocr_line' id='line_1_25' title="bbox 49 2092 2251 2160; baseline -0.003 -16"><span class='ocrx_word' id='word_1_229' title='bbox 49 2095 225 2144; x_wconf 88' lang='lat' dir='ltr'>nostras</span> <span class='ocrx_word' id='word_1_230' title='bbox 249 2110 351 2142; x_wconf 90' lang='lat' dir='ltr'>oras</span> <span class='ocrx_word' id='word_1_231' title='bbox 366 2093 613 2159; x_wconf 83' lang='lat' dir='ltr'>appulisse:</span> <span class='ocrx_word' id='word_1_232' title='bbox 643 2110 783 2160; x_wconf 88' lang='lat' dir='ltr'>quam</span> <span class='ocrx_word' id='word_1_233' title='bbox 809 2097 870 2143; x_wconf 92' lang='lat' dir='ltr'>ob</span> <span class='ocrx_word' id='word_1_234' title='bbox 892 2094 1070 2143; x_wconf 81' lang='lat' dir='ltr'>causam</span> <span class='ocrx_word' id='word_1_235' title='bbox 1093 2097 1204 2141; x_wconf 81' lang='lat' dir='ltr'>aleas</span> <span class='ocrx_word' id='word_1_236' title='bbox 1226 2095 1393 2140; x_wconf 79' lang='lat' dir='ltr'>radices</span> <span class='ocrx_word' id='word_1_237' title='bbox 1399 2095 1604 2157; x_wconf 79' lang='lat' dir='ltr'>fabulam</span> <span class='ocrx_word' id='word_1_238' title='bbox 1624 2094 1747 2156; x_wconf 66' lang='lat' dir='ltr'>egnffi</span> <span class='ocrx_word' id='word_1_239' title='bbox 1767 2094 1878 2142; x_wconf 85' lang='lat' dir='ltr'>dicit</span> <span class='ocrx_word' id='word_1_240' title='bbox 1902 2092 2147 2141; x_wconf 88' lang='lat' dir='ltr'>Crantzius</span> <span class='ocrx_word' id='word_1_241' title='bbox 2170 2093 2251 2152; x_wconf 88' lang='lat' dir='ltr'>(o)</span> 
     </span>
     <span class='ocr_line' id='line_1_26' title="bbox 50 2160 2248 2228; baseline -0.002 -18"><span class='ocrx_word' id='word_1_242' title='bbox 50 2162 284 2226; x_wconf 11' lang='lat' dir='ltr'>necyfacile</span> <span class='ocrx_word' id='word_1_243' title='bbox 307 2161 478 2210; x_wconf 85' lang='lat' dir='ltr'>inolitae</span> <span class='ocrx_word' id='word_1_244' title='bbox 500 2162 852 2228; x_wconf 86' lang='lat' dir='ltr'>consvetudinis</span> <span class='ocrx_word' id='word_1_245' title='bbox 875 2177 1084 2210; x_wconf 87' lang='lat' dir='ltr'>amorem</span> <span class='ocrx_word' id='word_1_246' title='bbox 1107 2161 1300 2210; x_wconf 78' lang='lat' dir='ltr'>aboleri.</span> <span class='ocrx_word' id='word_1_247' title='bbox 1336 2162 1416 2227; x_wconf 84' lang='lat' dir='ltr'>(p)</span> <span class='ocrx_word' id='word_1_248' title='bbox 1484 2163 1670 2224; x_wconf 79' lang='lat' dir='ltr'>Quibus</span> <span class='ocrx_word' id='word_1_249' title='bbox 1687 2160 1899 2217; x_wconf 88' lang='lat' dir='ltr'>accedat,</span> <span class='ocrx_word' id='word_1_250' title='bbox 1914 2161 2042 2226; x_wconf 89' lang='lat' dir='ltr'>quod</span> <span class='ocrx_word' id='word_1_251' title='bbox 2054 2174 2114 2207; x_wconf 88' lang='lat' dir='ltr'>eo</span> <span class='ocrx_word' id='word_1_252' title='bbox 2126 2170 2248 2206; x_wconf 88' lang='lat' dir='ltr'>tem·</span> 
     </span>
     <span class='ocr_line' id='line_1_27' title="bbox 50 2224 2253 2294; baseline -0.001 -18"><span class='ocrx_word' id='word_1_253' title='bbox 50 2244 166 2293; x_wconf 85' lang='lat' dir='ltr'>pore</span> <span class='ocrx_word' id='word_1_254' title='bbox 189 2230 267 2277; x_wconf 85' lang='lat' dir='ltr'>vix</span> <span class='ocrx_word' id='word_1_255' title='bbox 291 2229 367 2276; x_wconf 84' lang='lat' dir='ltr'>ulli</span> <span class='ocrx_word' id='word_1_256' title='bbox 382 2229 592 2277; x_wconf 86' lang='lat' dir='ltr'>Annales</span> <span class='ocrx_word' id='word_1_257' title='bbox 618 2228 760 2278; x_wconf 86' lang='lat' dir='ltr'>nostri</span> <span class='ocrx_word' id='word_1_258' title='bbox 786 2229 1058 2292; x_wconf 75' lang='lat' dir='ltr'>exstiterint,</span> <span class='ocrx_word' id='word_1_259' title='bbox 1074 2231 1152 2294; x_wconf 87' lang='lat' dir='ltr'>qui</span> <span class='ocrx_word' id='word_1_260' title='bbox 1173 2245 1350 2277; x_wconf 87' lang='lat' dir='ltr'>annum</span> <span class='ocrx_word' id='word_1_261' title='bbox 1373 2229 1527 2277; x_wconf 84' lang='lat' dir='ltr'>obitus</span> <span class='ocrx_word' id='word_1_262' title='bbox 1541 2227 1764 2278; x_wconf 67' lang='lat' dir='ltr'>Benedie‘ti</span> <span class='ocrx_word' id='word_1_263' title='bbox 1779 2241 1874 2277; x_wconf 91' lang='lat' dir='ltr'>tam</span> <span class='ocrx_word' id='word_1_264' title='bbox 1889 2226 2010 2277; x_wconf 80' lang='lat' dir='ltr'>clare</span> <span class='ocrx_word' id='word_1_265' title='bbox 2032 2224 2253 2291; x_wconf 85' lang='lat' dir='ltr'>significa·</span> 
     </span>
     <span class='ocr_line' id='line_1_28' title="bbox 50 2292 2251 2361; baseline -0.003 -16"><span class='ocrx_word' id='word_1_266' title='bbox 50 2296 276 2351; x_wconf 82' lang='lat' dir='ltr'>verint,ut</span> <span class='ocrx_word' id='word_1_267' title='bbox 290 2295 314 2342; x_wconf 74' lang='lat' dir='ltr'>a</span> <span class='ocrx_word' id='word_1_268' title='bbox 326 2292 576 2358; x_wconf 85' lang='lat' dir='ltr'>majoribus</span> <span class='ocrx_word' id='word_1_269' title='bbox 590 2297 677 2345; x_wconf 78' lang='lat' dir='ltr'>suis</span> <span class='ocrx_word' id='word_1_270' title='bbox 691 2296 956 2346; x_wconf 87' lang='lat' dir='ltr'>constanter</span> <span class='ocrx_word' id='word_1_271' title='bbox 967 2299 1132 2345; x_wconf 86' lang='lat' dir='ltr'>tradita</span> <span class='ocrx_word' id='word_1_272' title='bbox 1147 2309 1396 2361; x_wconf 85' lang='lat' dir='ltr'>eapropter</span> <span class='ocrx_word' id='word_1_273' title='bbox 1408 2296 1617 2345; x_wconf 79' lang='lat' dir='ltr'>deserere</span> <span class='ocrx_word' id='word_1_274' title='bbox 1633 2296 1883 2345; x_wconf 86' lang='lat' dir='ltr'>maluerint</span> <span class='ocrx_word' id='word_1_275' title='bbox 1895 2303 1976 2343; x_wconf 89' lang='lat' dir='ltr'>aut</span> <span class='ocrx_word' id='word_1_276' title='bbox 1987 2293 2251 2342; x_wconf 88' lang='lat' dir='ltr'>debuerint.</span> 
     </span>
     <span class='ocr_line' id='line_1_29' title="bbox 51 2359 2251 2427; baseline -0.002 -16"><span class='ocrx_word' id='word_1_277' title='bbox 51 2363 174 2411; x_wconf 90' lang='lat' dir='ltr'>Nam</span> <span class='ocrx_word' id='word_1_278' title='bbox 186 2362 491 2411; x_wconf 88' lang='lat' dir='ltr'>traditionum</span> <span class='ocrx_word' id='word_1_279' title='bbox 505 2378 672 2427; x_wconf 87' lang='lat' dir='ltr'>magna</span> <span class='ocrx_word' id='word_1_280' title='bbox 688 2364 776 2412; x_wconf 88' lang='lat' dir='ltr'>fuit</span> <span class='ocrx_word' id='word_1_281' title='bbox 787 2365 831 2412; x_wconf 88' lang='lat' dir='ltr'>in</span> <span class='ocrx_word' id='word_1_282' title='bbox 847 2363 1172 2418; x_wconf 83' lang='lat' dir='ltr'>Ecclesiasticis,</span> <span class='ocrx_word' id='word_1_283' title='bbox 1190 2363 1235 2412; x_wconf 74' lang='grc' dir='ltr'>ὅ(</span> <span class='ocrx_word' id='word_1_284' title='bbox 1249 2365 1410 2413; x_wconf 87' lang='lat' dir='ltr'>adhuc</span> <span class='ocrx_word' id='word_1_285' title='bbox 1433 2365 1556 2427; x_wconf 89' lang='lat' dir='ltr'>apud</span> <span class='ocrx_word' id='word_1_286' title='bbox 1571 2362 1843 2412; x_wconf 85' lang='lat' dir='ltr'>Pontificios</span> <span class='ocrx_word' id='word_1_287' title='bbox 1857 2363 1926 2411; x_wconf 88' lang='lat' dir='ltr'>vis</span> <span class='ocrx_word' id='word_1_288' title='bbox 1939 2361 2002 2410; x_wconf 83' lang='lat' dir='ltr'>est</span> <span class='ocrx_word' id='word_1_289' title='bbox 2014 2360 2062 2410; x_wconf 73' lang='grc' dir='ltr'>ὅ(</span> <span class='ocrx_word' id='word_1_290' title='bbox 2075 2359 2251 2408; x_wconf 85' lang='lat' dir='ltr'>autori-</span> 
     </span>
     <span class='ocr_line' id='line_1_30' title="bbox 51 2425 2251 2500; baseline -0.002 -23"><span class='ocrx_word' id='word_1_291' title='bbox 51 2440 134 2500; x_wconf 72' lang='lat' dir='ltr'>tas,</span> <span class='ocrx_word' id='word_1_292' title='bbox 153 2430 336 2494; x_wconf 86' lang='lat' dir='ltr'>quibus,</span> <span class='ocrx_word' id='word_1_293' title='bbox 352 2440 571 2493; x_wconf 85' lang='lat' dir='ltr'>tanquam</span> <span class='ocrx_word' id='word_1_294' title='bbox 587 2432 833 2479; x_wconf 75' lang='lat' dir='ltr'>commu‘ni</span> <span class='ocrx_word' id='word_1_295' title='bbox 847 2430 893 2480; x_wconf 72' lang='grc' dir='ltr'>ὅ(</span> <span class='ocrx_word' id='word_1_296' title='bbox 908 2432 1051 2480; x_wconf 86' lang='lat' dir='ltr'>tacito</span> <span class='ocrx_word' id='word_1_297' title='bbox 1066 2431 1309 2481; x_wconf 86' lang='lat' dir='ltr'>consensui</span> <span class='ocrx_word' id='word_1_298' title='bbox 1325 2431 1552 2488; x_wconf 84' lang='lat' dir='ltr'>Ecclefiae,</span> <span class='ocrx_word' id='word_1_299' title='bbox 1576 2446 1726 2479; x_wconf 88' lang='lat' dir='ltr'>unum</span> <span class='ocrx_word' id='word_1_300' title='bbox 1749 2430 1823 2479; x_wconf 90' lang='lat' dir='ltr'>vel</span> <span class='ocrx_word' id='word_1_301' title='bbox 1843 2430 2043 2479; x_wconf 87' lang='lat' dir='ltr'>alterum</span> <span class='ocrx_word' id='word_1_302' title='bbox 2057 2425 2251 2477; x_wconf 85' lang='lat' dir='ltr'>Histori-</span> 
     </span>
     <span class='ocr_line' id='line_1_31' title="bbox 53 2496 2252 2564; baseline -0.001 -20"><span class='ocrx_word' id='word_1_303' title='bbox 53 2510 162 2545; x_wconf 89' lang='lat' dir='ltr'>cum</span> <span class='ocrx_word' id='word_1_304' title='bbox 179 2511 429 2563; x_wconf 85' lang='lat' dir='ltr'>opponere</span> <span class='ocrx_word' id='word_1_305' title='bbox 443 2496 515 2546; x_wconf 88' lang='lat' dir='ltr'>vel</span> <span class='ocrx_word' id='word_1_306' title='bbox 532 2498 732 2545; x_wconf 85' lang='lat' dir='ltr'>rationes</span> <span class='ocrx_word' id='word_1_307' title='bbox 745 2498 956 2563; x_wconf 85' lang='lat' dir='ltr'>allegare,</span> <span class='ocrx_word' id='word_1_308' title='bbox 971 2514 1135 2564; x_wconf 88' lang='lat' dir='ltr'>parum</span> <span class='ocrx_word' id='word_1_309' title='bbox 1152 2498 1381 2563; x_wconf 87' lang='lat' dir='ltr'>proficere</span> <span class='ocrx_word' id='word_1_310' title='bbox 1395 2501 1550 2563; x_wconf 88' lang='lat' dir='ltr'>potuit</span> <span class='ocrx_word' id='word_1_311' title='bbox 1569 2500 1626 2546; x_wconf 89' lang='lat' dir='ltr'>ad</span> <span class='ocrx_word' id='word_1_312' title='bbox 1648 2499 1902 2547; x_wconf 77' lang='lat' dir='ltr'>veritatem</span> <span class='ocrx_word' id='word_1_313' title='bbox 1930 2496 2252 2546; x_wconf 87' lang='lat' dir='ltr'>obtinendam.</span> 
     </span>
     <span class='ocr_line' id='line_1_32' title="bbox 53 2558 2253 2632; baseline 0 -22"><span class='ocrx_word' id='word_1_314' title='bbox 53 2558 300 2619; x_wconf 77' lang='lat' dir='ltr'>VidemuS,</span> <span class='ocrx_word' id='word_1_315' title='bbox 315 2577 491 2628; x_wconf 87' lang='lat' dir='ltr'>quanto</span> <span class='ocrx_word' id='word_1_316' title='bbox 505 2563 657 2612; x_wconf 91' lang='lat' dir='ltr'>studio</span> <span class='ocrx_word' id='word_1_317' title='bbox 670 2562 717 2614; x_wconf 77' lang='grc' dir='ltr'>δι</span> <span class='ocrx_word' id='word_1_318' title='bbox 731 2559 886 2622; x_wconf 71' lang='lat' dir='ltr'>labore</span> <span class='ocrx_word' id='word_1_319' title='bbox 900 2567 992 2615; x_wconf 86' lang='lat' dir='ltr'>hoc</span> <span class='ocrx_word' id='word_1_320' title='bbox 1005 2567 1154 2632; x_wconf 83' lang='lat' dir='ltr'>egerit</span> <span class='ocrx_word' id='word_1_321' title='bbox 1165 2569 1285 2630; x_wconf 89' lang='lat' dir='ltr'>apud</span> <span class='ocrx_word' id='word_1_322' title='bbox 1305 2565 1971 2631; x_wconf 86' lang='lat' dir='ltr'>EbbeckstorpensesVirgines</span> <span class='ocrx_word' id='word_1_323' title='bbox 1985 2561 2253 2616; x_wconf 79' lang='lat' dir='ltr'>Crantzius‚</span> 
     </span>
     <span class='ocr_line' id='line_1_33' title="bbox 0 2629 2253 2700; baseline -0 -23"><span class='ocrx_word' id='word_1_324' title='bbox 0 2665 1 2697; x_wconf 59' lang='lat'>3</span> <span class='ocrx_word' id='word_1_325' title='bbox 53 2642 224 2680; x_wconf 83' lang='lat' dir='ltr'>utvera</span> <span class='ocrx_word' id='word_1_326' title='bbox 238 2629 396 2679; x_wconf 89' lang='lat' dir='ltr'>saltem</span> <span class='ocrx_word' id='word_1_327' title='bbox 412 2632 738 2696; x_wconf 86' lang='lat' dir='ltr'>agnoscerent,</span> <span class='ocrx_word' id='word_1_328' title='bbox 755 2631 801 2680; x_wconf 72' lang='grc' dir='ltr'>ὅ(</span> <span class='ocrx_word' id='word_1_329' title='bbox 814 2633 955 2685; x_wconf 76' lang='lat' dir='ltr'>afalso</span> <span class='ocrx_word' id='word_1_330' title='bbox 967 2633 1113 2691; x_wconf 86' lang='lat' dir='ltr'>cultu,</span> <span class='ocrx_word' id='word_1_331' title='bbox 1127 2649 1224 2700; x_wconf 92' lang='lat' dir='ltr'>quo</span> <span class='ocrx_word' id='word_1_332' title='bbox 1237 2633 1541 2682; x_wconf 61' lang='lat' dir='ltr'>Beni-:dietum</span> <span class='ocrx_word' id='word_1_333' title='bbox 1558 2632 1729 2698; x_wconf 88' lang='lat' dir='ltr'>Papam</span> <span class='ocrx_word' id='word_1_334' title='bbox 1750 2633 1871 2681; x_wconf 86' lang='lat' dir='ltr'>inter</span> <span class='ocrx_word' id='word_1_335' title='bbox 1884 2633 2113 2697; x_wconf 85' lang='lat' dir='ltr'>Martyres</span> <span class='ocrx_word' id='word_1_336' title='bbox 2126 2641 2253 2678; x_wconf 91' lang='lat' dir='ltr'>retu·</span> 
     </span>
     <span class='ocr_line' id='line_1_34' title="bbox 0 2693 2251 2770; baseline -0 -25"><span class='ocrx_word' id='word_1_337' title='bbox 0 2714 3 2770; x_wconf 55' lang='lat'>3</span> <span class='ocrx_word' id='word_1_338' title='bbox 52 2693 215 2754; x_wconf 87' lang='lat' dir='ltr'>lerant,</span> <span class='ocrx_word' id='word_1_339' title='bbox 229 2699 421 2746; x_wconf 88' lang='lat' dir='ltr'>tandem</span> <span class='ocrx_word' id='word_1_340' title='bbox 444 2699 756 2753; x_wconf 86' lang='lat' dir='ltr'>discederent,</span> <span class='ocrx_word' id='word_1_341' title='bbox 780 2702 858 2748; x_wconf 88' lang='lat' dir='ltr'>vix</span> <span class='ocrx_word' id='word_1_342' title='bbox 878 2713 993 2765; x_wconf 91' lang='lat' dir='ltr'>puto</span> <span class='ocrx_word' id='word_1_343' title='bbox 1008 2700 1281 2750; x_wconf 88' lang='lat' dir='ltr'>Crantzium</span> <span class='ocrx_word' id='word_1_344' title='bbox 1304 2701 1545 2750; x_wconf 74' lang='lat' dir='ltr'>obtinuisse</span> <span class='ocrx_word' id='word_1_345' title='bbox 1564 2732 1579 2755; x_wconf 89' lang='lat'>,</span> <span class='ocrx_word' id='word_1_346' title='bbox 1615 2712 1669 2749; x_wconf 87' lang='lat' dir='ltr'>ut</span> <span class='ocrx_word' id='word_1_347' title='bbox 1694 2699 1832 2748; x_wconf 85' lang='lat' dir='ltr'>semel</span> <span class='ocrx_word' id='word_1_348' title='bbox 1853 2712 2042 2764; x_wconf 89' lang='lat' dir='ltr'>recepta</span> <span class='ocrx_word' id='word_1_349' title='bbox 2064 2699 2251 2762; x_wconf 85' lang='lat' dir='ltr'>penitus</span> 
     </span>
     <span class='ocr_line' id='line_1_35' title="bbox 0 2762 2252 2834; baseline 0 -23"><span class='ocrx_word' id='word_1_350' title='bbox 0 2774 4 2833; x_wconf 18' lang='grc' dir='ltr'>’ᾖ</span> <span class='ocrx_word' id='word_1_351' title='bbox 55 2763 252 2814; x_wconf 87' lang='lat' dir='ltr'>evellere</span> <span class='ocrx_word' id='word_1_352' title='bbox 264 2764 486 2830; x_wconf 75' lang='lat' dir='ltr'>potuisset</span> <span class='ocrx_word' id='word_1_353' title='bbox 499 2767 716 2815; x_wconf 88' lang='lat' dir='ltr'>omnium</span> <span class='ocrx_word' id='word_1_354' title='bbox 728 2767 906 2824; x_wconf 86' lang='lat' dir='ltr'>animis,</span> <span class='ocrx_word' id='word_1_355' title='bbox 922 2769 1032 2833; x_wconf 87' lang='lat' dir='ltr'>quin</span> <span class='ocrx_word' id='word_1_356' title='bbox 1044 2770 1264 2834; x_wconf 88' lang='lat' dir='ltr'>quamdiu</span> <span class='ocrx_word' id='word_1_357' title='bbox 1279 2769 1459 2817; x_wconf 87' lang='lat' dir='ltr'>lucrum</span> <span class='ocrx_word' id='word_1_358' title='bbox 1472 2784 1530 2817; x_wconf 87' lang='lat' dir='ltr'>ex</span> <span class='ocrx_word' id='word_1_359' title='bbox 1542 2767 1795 2817; x_wconf 70' lang='lat' dir='ltr'>hacinclita</span> <span class='ocrx_word' id='word_1_360' title='bbox 1808 2768 2030 2831; x_wconf 89' lang='lat' dir='ltr'>opinione</span> <span class='ocrx_word' id='word_1_361' title='bbox 2044 2762 2252 2829; x_wconf 86' lang='lat' dir='ltr'>martyrii</span> 
     </span>
     <span class='ocr_line' id='line_1_36' title="bbox 3 2832 2250 2906; baseline 0.001 -28"><span class='ocrx_word' id='word_1_362' title='bbox 3 2837 4 2840; x_wconf 78' lang='grc'>’</span> <span class='ocrx_word' id='word_1_363' title='bbox 55 2833 313 2891; x_wconf 80' lang='lat' dir='ltr'>accederet,</span> <span class='ocrx_word' id='word_1_364' title='bbox 328 2849 459 2882; x_wconf 85' lang='lat' dir='ltr'>more</span> <span class='ocrx_word' id='word_1_365' title='bbox 486 2835 616 2882; x_wconf 87' lang='lat' dir='ltr'>solito</span> <span class='ocrx_word' id='word_1_366' title='bbox 637 2846 887 2899; x_wconf 86' lang='lat' dir='ltr'>pergerent</span> <span class='ocrx_word' id='word_1_367' title='bbox 910 2836 1280 2900; x_wconf 84' lang='lat' dir='ltr'>superstitionem</span> <span class='ocrx_word' id='word_1_368' title='bbox 1307 2835 1684 2906; x_wconf 60' lang='lat' dir='ltr'>alere&amp;foverg,</span> <span class='ocrx_word' id='word_1_369' title='bbox 1700 2850 1807 2886; x_wconf 90' lang='lat' dir='ltr'>cum</span> <span class='ocrx_word' id='word_1_370' title='bbox 1832 2833 1953 2882; x_wconf 89' lang='lat' dir='ltr'>nulla</span> <span class='ocrx_word' id='word_1_371' title='bbox 1975 2849 2048 2882; x_wconf 83' lang='lat' dir='ltr'>res</span> <span class='ocrx_word' id='word_1_372' title='bbox 2067 2832 2250 2882; x_wconf 84' lang='lat' dir='ltr'>veritati</span> 
     </span>
    </p>
   </div>
   <div class='ocr_carea' id='block_1_8' title="bbox 4 2891 2248 3031">
    <p class='ocr_par' dir='ltr' id='par_1_8' title="bbox 4 2891 2248 3031">
     <span class='ocr_line' id='line_1_37' title="bbox 4 2891 2248 3014; baseline -0.003 -68"><span class='ocrx_word' id='word_1_373' title='bbox 4 2891 5 2948; x_wconf 62' lang='lat' dir='ltr'>l</span> <span class='ocrx_word' id='word_1_374' title='bbox 56 2895 279 2962; x_wconf 85' lang='lat' dir='ltr'>majorem</span> <span class='ocrx_word' id='word_1_375' title='bbox 294 2903 389 2950; x_wconf 81' lang='lat' dir='ltr'>vim</span> <span class='ocrx_word' id='word_1_376' title='bbox 407 2902 708 2967; x_wconf 67' lang='lat' dir='ltr'>faciat2quam</span> <span class='ocrx_word' id='word_1_377' title='bbox 730 2901 846 2951; x_wconf 88' lang='lat' dir='ltr'>lucri</span> <span class='ocrx_word' id='word_1_378' title='bbox 864 2902 938 2953; x_wconf 88' lang='lat' dir='ltr'>vel</span> <span class='ocrx_word' id='word_1_379' title='bbox 962 2905 1058 2968; x_wconf 85' lang='lat' dir='ltr'>spes</span> <span class='ocrx_word' id='word_1_380' title='bbox 1082 2904 1159 2956; x_wconf 88' lang='lat' dir='ltr'>vel</span> <span class='ocrx_word' id='word_1_381' title='bbox 1184 2906 1314 2952; x_wconf 88' lang='lat' dir='ltr'>odor.</span> <span class='ocrx_word' id='word_1_382' title='bbox 1388 2905 1531 2955; x_wconf 86' lang='lat' dir='ltr'>Unde</span> <span class='ocrx_word' id='word_1_383' title='bbox 1543 2904 1791 2955; x_wconf 85' lang='lat' dir='ltr'>Crantzius</span> <span class='ocrx_word' id='word_1_384' title='bbox 1806 2903 1882 2968; x_wconf 85' lang='lat' dir='ltr'>(q)</span> <span class='ocrx_word' id='word_1_385' title='bbox 1894 2903 1983 2968; x_wconf 86' lang='lat' dir='ltr'>ipse</span> <span class='ocrx_word' id='word_1_386' title='bbox 2006 2900 2150 3014; x_wconf 65' lang='lat' dir='ltr'>vesluti</span> <span class='ocrx_word' id='word_1_387' title='bbox 2172 2899 2248 2945; x_wconf 88' lang='lat' dir='ltr'>de.</span> 
     </span>
     <span class='ocr_line' id='line_1_38' title="bbox 2076 2978 2246 3031; baseline -0.006 -18"><span class='ocrx_word' id='word_1_388' title='bbox 2076 2978 2246 3031; x_wconf 83' lang='lat' dir='ltr'>perans</span> 
     </span>
    </p>
   </div>
   <div class='ocr_carea' id='block_1_9' title="bbox 111 3083 2222 3146">
    <p class='ocr_par' dir='ltr' id='par_1_9' title="bbox 111 3083 2222 3146">
     <span class='ocr_line' id='line_1_39' title="bbox 111 3083 2222 3146; baseline 0.002 -21"><span class='ocrx_word' id='word_1_389' title='bbox 111 3083 175 3139; x_wconf 86' lang='lat' dir='ltr'>(o)</span> <span class='ocrx_word' id='word_1_390' title='bbox 210 3087 234 3128; x_wconf 84' lang='lat' dir='ltr'>l.</span> <span class='ocrx_word' id='word_1_391' title='bbox 249 3096 282 3142; x_wconf 72' lang='lat'>3,</span> <span class='ocrx_word' id='word_1_392' title='bbox 295 3089 450 3143; x_wconf 80' lang='lat' dir='ltr'>Metrop.</span> <span class='ocrx_word' id='word_1_393' title='bbox 465 3104 496 3135; x_wconf 85' lang='lat' dir='ltr'>c.</span> <span class='ocrx_word' id='word_1_394' title='bbox 512 3102 570 3136; x_wconf 68' lang='grc' dir='ltr'>τι,</span> <span class='ocrx_word' id='word_1_395' title='bbox 752 3088 818 3146; x_wconf 89' lang='lat' dir='ltr'>(p)</span> <span class='ocrx_word' id='word_1_396' title='bbox 851 3092 995 3135; x_wconf 72' lang='lat' dir='ltr'>Crania.</span> <span class='ocrx_word' id='word_1_397' title='bbox 1008 3091 1158 3132; x_wconf 73' lang='lat' dir='ltr'>consui.</span> <span class='ocrx_word' id='word_1_398' title='bbox 1171 3091 1319 3145; x_wconf 80' lang='lat' dir='ltr'>legend.</span> <span class='ocrx_word' id='word_1_399' title='bbox 1331 3091 1394 3132; x_wconf 82' lang='lat' dir='ltr'>sub</span> <span class='ocrx_word' id='word_1_400' title='bbox 1414 3093 1572 3135; x_wconf 75' lang='lat' dir='ltr'>initium.</span> <span class='ocrx_word' id='word_1_401' title='bbox 1740 3091 1807 3144; x_wconf 87' lang='lat' dir='ltr'>(q)</span> <span class='ocrx_word' id='word_1_402' title='bbox 1840 3093 2005 3143; x_wconf 82' lang='lat' dir='ltr'>Metrop.</span> <span class='ocrx_word' id='word_1_403' title='bbox 2023 3088 2049 3132; x_wconf 84' lang='lat' dir='ltr'>l.</span> <span class='ocrx_word' id='word_1_404' title='bbox 2063 3094 2095 3141; x_wconf 83' lang='lat'>3·</span> <span class='ocrx_word' id='word_1_405' title='bbox 2113 3101 2144 3131; x_wconf 74' lang='lat' dir='ltr'>c.</span> <span class='ocrx_word' id='word_1_406' title='bbox 2159 3091 2222 3141; x_wconf 61' lang='lat'>23,</span> 
     </span>
    </p>
   </div>
  </div>
 </body>
</html>
