2433 3401
133 168 233 230 460
989 133 1180 225 Corpus
1202 162 1440 212 bonorum
2046 184 2075 218 2
2086 169 2272 222 Period.

299 281 426 332 Villa
447 277 697 326 Stenwarde
718 275 862 323 habet
883 269 1067 338 septem
1084 273 1295 330 mansOS,
1319 277 1379 322 de
1402 278 1566 340 quibus
1588 278 1811 344 Magister
1836 267 2026 330 Civium
2047 283 2194 332 habet
2216 287 2343 336 dimi.
2397 302 2412 327 ,Ι

131 360 259 409 dium
270 353 467 407 liberum
480 348 507 394 a
519 346 675 403 censu,
690 344 878 393 sednon
891 340 917 388 a
931 342 1128 390 decima.
1202 340 1416 408 Qilibet
1440 343 1574 393 solvit
1599 347 1676 394 sex
1696 349 1884 397 modios
1906 365 1994 414 pro
2013 351 2151 399 censu
2164 352 2213 401 ὃς
2225 354 2346 403 deci·
2392 339 2393 343 Ἰ

131 439 209 477 ma
223 423 272 471 ὃ(
289 434 444 468 unum
466 417 682 463 modium
700 426 875 460 avenae.

302 488 424 536 Item
438 485 651 550 quaedam
662 490 786 529 terra
798 476 1000 542 adjacet,
1013 491 1116 542 quae
1130 484 1437 541 computatur
1449 494 1538 543 pro
1551 481 1697 528 tribus
1710 479 1891 541 mansis,
1907 500 2008 550 quae
2023 484 2160 535 solvit
2181 488 2348 536 decem
2413 496 2416 499 ‘

131 561 184 610 &
197 555 307 606 otto
321 554 510 603 modios
524 550 706 615 siliginis
719 563 808 614 pro
825 545 963 593 censu
976 545 1026 594 ὃς
1039 553 1132 592 tres
1145 546 1332 592 modios
1352 561 1512 594 avenae
1527 562 1614 612 pro
1631 549 1826 598 decima.

220 650 222 652 ·
303 624 426 671 Item
437 618 772 668 Molendinum
786 615 959 662 ibidem
972 611 1106 660 solvit
1123 614 1334 677 quinque
1347 615 1536 661 modios
1550 614 1749 678 siliginis,

305 692 427 739 Item
448 689 551 737 sunt
574 691 669 734 tres
693 697 810 730 areae
832 679 1068 729 solventes
1091 686 1187 728 tres
1210 679 1381 728 solidos
1395 682 1531 731 &sex
1545 670 1712 747 pullos,

305 761 428 807 Item
448 772 537 823 pro
561 753 700 803 censu
722 764 981 816 porcorum
1006 749 1174 811 viginti
1194 746 1308 796 06ὶο
1334 747 1462 797 solidi
1485 765 1595 797 cum
1617 750 1692 798 sex
1716 752 1927 800 denariis.

306 828 428 875 Item
457 827 558 872 duae
580 834 747 869 marcae
776 832 863 883 pro
888 817 1086 864 denariis
1103 813 1401 878 judicialibus
1427 816 1669 883 Capitulo.

305 891 634 952 Iteleenfik¹
660 887 948 949 Hogerstorpe‚
969 883 1322 945 Johannesstorp,
1346 885 1656 950 Odkkendwp,
1681 887 1876 941 Bam-do,
1891 887 2090 947 Langelo,
2112 888 2348 951 Eilestorpe,

138 964 334 1029 quilibet
353 962 535 1010 mansus
559 958 746 1008 istarum
758 952 971 1003 villarum
993 950 1127 1001 solvit
1149 967 1238 1018 pro
1253 953 1435 1002 decima
1448 969 1595 1002 unum
1609 956 1824 1002 modium
1839 954 2020 1019 siliginis
2034 955 2083 1003 ὃ(
2094 969 2240 1003 unum
2252 972 2350 1004 mo·
2419 979 2422 983 ·

140 1034 270 1083 dium
284 1046 443 1082 avenae
458 1022 822 1087 Hamburgenfis
834 1013 1073 1068 mensurae.

640 1092 833 1156 Summa
846 1087 1045 1152 Siliginis
1058 1087 1134 1136 sex
1148 1088 1286 1138 chori
1298 1103 1408 1137 cum
1421 1090 1606 1138 duobus
1619 1092 1805 1140 modiis,

841 1158 1023 1205 Avenae
1047 1172 1228 1205 novem
1248 1158 1396 1205 modii
1414 1173 1523 1205 cum
1545 1159 1738 1214 dimidio
1759 1157 2122 1205 &denariorum
2144 1165 2350 1222 quatuor

948 1240 1117 1272 marcae
1142 1223 1219 1271 sex
1240 1226 1440 1272 denariis
1461 1228 1633 1276 minus,

311 1299 477 1352 Postea
496 1304 600 1346 tota
615 1290 725 1344 villa
743 1292 1010 1354 Hoyerstorpe
1031 1290 1097 1338 est
1117 1299 1293 1356 empta.

312 1373 434 1419 Item
448 1366 560 1415 villa
578 1361 840 1422 Todendorpe
860 1360 1006 1407 habet
1028 1357 1140 1406 οξῒο
1163 1359 1367 1415 mansos,
1382 1357 1576 1423 quilibet
1587 1357 1769 1407 mansus
1782 1357 1919 1405 solvit
1942 1365 2147 1423 quatuor
2157 1372 2351 1406 marcas.

276 1496 281 1497 ⁷
313 1441 451 1487 Areae
477 1439 677 1499 quatuor
699 1441 892 1476 marcas.
1106 1459 1118 1461 -

312 1505 532 1552 Taberna
553 1514 695 1547 unam
713 1511 920 1544 marcam
943 1509 1052 1541 cum
1076 1492 1246 1541 decem
1269 1491 1421 1558 pullis.

277 1600 280 1601 ν
317 1574 441 1620 Item
461 1577 555 1615 tres
576 1580 744 1614 marcae
773 1579 862 1628 pro
886 1562 1083 1609 denariis
1099 1559 1416 1623 judicialibus.

318 1641 439 1688 Item
452 1636 561 1683 Rode
576 1631 845 1697 adjacentes
858 1628 1044 1677 solvunt
1055 1630 1222 1692 viginti
1236 1626 1349 1676 osto
1362 1627 1534 1678 solidos
1547 1630 1735 1696 quando
1748 1628 2045 1678 seminantur.

642 1701 837 1747 Summa
850 1697 1040 1761 triginta
1053 1703 1256 1761 quatuor
1272 1711 1441 1745 marcae
1456 1714 1566 1746 cum
1579 1699 1781 1746 dimidia.

223 1774 225 1776 ’
314 1774 439 1822 Item
456 1768 566 1820 villa
577 1766 767 1832 Sprengb
788 1766 933 1813 habet
956 1763 1213 1812 duodecim
1233 1763 1418 1812 mansos
1442 1780 1552 1812 cum
1566 1766 1778 1821 dimidio,
1791 1765 1851 1811 de
1865 1763 2030 1829 quibus
2041 1759 2264 1826 Magister
2278 1760 2357 1810 Ci-

146 1846 275 1904 vium
288 1843 433 1891 habet
444 1839 688 1888 dimidium
699 1836 914 1891 liberum,
928 1831 1122 1898 quilibet
1142 1830 1278 1882 solvit
1291 1832 1406 1880 duas
1425 1847 1622 1881 marcas·

318 1912 439 1960 Item
448 1908 585 1958 Rode
600 1903 869 1970 adjacentes
882 1903 993 1949 duas
1005 1916 1200 1950 marcas·
1435 1926 1436 1930 =
1563 1907 1566 1910 ⁴

320 1972 444 2029 Item
452 1974 674 2041 Magister
686 1970 879 2021 Civium
900 1971 979 2018 dat
998 1967 1110 2017 oeco
1133 1967 1305 2018 solidos
1323 1970 1384 2017 de
1393 1961 1591 2017 dimidio
1607 1964 1785 2023 manse.

320 2047 541 2096 Taberna
560 2059 706 2092 unam
723 2054 931 2088 marcam
943 2037 992 2086 <Sc
1004 2038 1173 2084 decem
1184 2036 1355 2103 pullo&

292 2143 305 2151 —
322 2116 446 2164 Item
462 2128 580 2161 areae
600 2110 698 2161 aliae
721 2107 905 2157 solvunt
925 2106 1118 2171 triginta
1137 2104 1215 2152 sex
1237 2102 1405 2170 pullos·
2161 2140 2168 2151 ff

651 2179 843 2226 Summa
859 2174 1027 2239 viginti
1050 2172 1232 2238 septem
1251 2186 1422 2220 marcae
1445 2183 1555 2219 cum
1576 2169 1781 2219 dimidia.

2431 1529 2433 1540 A

2432 1542 2433 1550 l

2431 1558 2433 1567 4

2431 1582 2433 1589 ⁴

2432 1610 2433 1620 l

2425 1787 2433 1978 l

2423 1973 2433 2236 l

2428 1635 2433 1656 1

2426 1681 2433 1775 l

2426 1999 2433 2027 f

321 2251 445 2298 Item
465 2251 515 2298 in
532 2246 642 2296 villa
667 2244 995 2306 Rowederstorpe
1017 2242 1099 2289 dat
1119 2239 1299 2308 septem
1321 2239 1501 2288 talenta
1533 2239 1594 2286 de
1615 2238 1796 2303 septem
1818 2232 1999 2283 manfis.
2068 2233 2259 2282 Summa
2281 2233 2360 2281 ha·
2418 2236 2433 2302 μή

154 2323 291 2371 betur
313 2319 499 2368 ibidem.

327 2387 448 2433 Item
459 2390 563 2432 tota
573 2382 683 2432 villa
698 2380 982 2444 Hoyersdorpe
994 2379 1039 2445 sp
1045 2376 1171 2426 ecstat
1182 2389 1292 2425 cum
1303 2375 1518 2424 omnibus
1531 2373 1787 2423 attinentiis
1800 2370 1886 2419 suis
1900 2370 1959 2418 ad
1968 2368 2246 2417 Praebendas
2257 2368 2359 2416 Ma·
2384 2434 2387 2437 Δ

150 2454 284 2520 jores
293 2451 503 2501 Eccle'fiae
514 2451 688 2498 Hamb.
707 2451 755 2500 &
768 2451 916 2498 habet
933 2464 950 2496 1
965 2456 1007 2503 8.
1020 2445 1222 2502 mansos,
1235 2444 1430 2511 quilibet
1447 2444 1627 2491 mansus
1648 2432 1782 2490 soiirit
1801 2437 2043 2486 annuatim
2063 2444 2157 2483 tres
2179 2451 2359 2483 marcas
2384 2444 2396 2455 ·’

156 2525 207 2573 ὅ(
231 2518 446 2588 qu'aelibet
470 2521 595 2567 curia
614 2513 849 2568 dietofum
868 2514 1136 2566 mansorum
1155 2512 1293 2563 solvit
1315 2514 1361 2561 6.
1378 2511 1548 2578 pullos,
1569 2511 1620 2560 ὅ(
1641 2509 1746 2558 sunt
1765 2521 1884 2554 areae
1906 2506 2144 2571 quinque,
2167 2502 2360 2570 quilibet
2414 2509 2433 2547 J

2412 2580 2433 2614 <l

156 2590 293 2654 solvit
308 2605 353 2651 4.
368 2587 536 2636 solidos
550 2587 597 2634 ὅ(
610 2585 686 2633 sex
697 2584 871 2651 pullos

2420 2452 2433 2483 i!

327 2657 451 2703 Item
466 2654 624 2702 media
638 2653 749 2703 villa
760 2653 986 2711 Luetensee
1005 2651 1214 2718 pertinet
1224 2646 1472 2714 -CapituIO,
1482 2654 1653 2712 praeter
1666 2644 1847 2710 septem
1862 2654 2125 2719 marcarum
2133 2637 2359 2694 redditus,
2386 2641 2389 2645 ’
2410 2646 2433 2698 :55

157 2727 239 2796 qui
250 2727 418 2795 dantur
430 2723 489 2771 ad
502 2715 722 2778 chorum,
733 2721 851 2770 ficut
863 2724 911 2770 in
920 2718 1209 2777 Kalendario
1221 2717 1509 2764 continetur.

654 2790 849 2838 Summa
868 2790 1066 2838 decimae
1090 2787 1140 2836 ὃς
1161 2783 1325 2833 census
1352 2782 1485 2832 dietae
1504 2779 1747 2830 Parochiae
1766 2775 2035 2827 UUlenfick
2053 2775 2242 2840 triginta
2263 2774 2359 2850 duo
2408 2761 2433 2823 ῥ’

962 2855 1101 2904 chori
1122 2869 1234 2911 cium
1254 2853 1447 2900 dimidio
1469 2850 1666 2915 siliginis⁴

651 2926 847 2974 Summa
866 2925 1170 2974 denariorum
1187 2918 1337 2985 ejusd.
1354 2919 1598 2969 Parochiae
1626 2929 1733 2979 127.
1745 2927 1931 2963 marcae.

325 2995 527 3045 Decima
553 2993 606 3044 in
622 2993 857 3044 Parochia
889 2988 1394 3046 BEKCHTEHEYDE
1422 2987 1558 3038 solvit
1576 2986 1744 3051 viginti
1767 2984 1878 3033 0&oe
1900 2994 2079 3048 mareas
2107 2938 2360 3027 secundum

154 3078 462 3131 {communem
478 3062 849 3113 aestimationem„

2165 3110 2359 3162 Decima
2404 3098 2405 3133 3
