2498 3401
77 242 95 277 1
109 226 233 297 βαρ.
251 220 601 299 ὃωεῑτεὲὂεῐῐαρε.
799 215 1099 282 herebi-{eben
1128 227 1236 271 von
1271 217 1538 273 Gualdone.
1884 282 1886 284 ¹
2096 237 2199 288 ¹43²

306 341 527 404 Quatuor
545 351 686 404 atque
707 349 870 403 quater
889 335 1019 400 quini
1048 334 1247 382 totidem
1272 347 1561 390 reverenter.

307 406 461 457 Effulti
485 404 599 454 soliis
618 407 895 455 resonabant
917 401 1094 451 cantica
1127 400 1285 449 laudis.

309 474 467 522 Dulcis
490 486 586 521 erat
607 473 698 522 iaus
722 473 793 521 iila
824 471 1017 537 quidem
1037 483 1325 533 carmenque
1342 469 1496 529 svave,

308 542 539 591 Redditus
563 554 609 589 at
643 542 773 590 terris
793 555 845 589 ea
866 554 964 587 non
985 537 1117 602 potui
1138 537 1357 591 retinere.

858 641 973 690 CAP.
1011 640 1092 691 Vi.

478 735 530 779 In
542 728 755 792 splendore
766 727 850 773 Dei
869 742 951 771 non
972 725 1029 784 est
1048 722 1197 769 modus
1226 722 1477 783 aspicientis.

307 815 447 864 Lucis
467 815 513 861 in
538 810 718 861 acceffae
743 809 988 875 splendore
1024 810 1074 869 1)
1109 803 1322 855 mirabilis
1346 803 1436 870 iilic

307 885 398 930 Sed
422 882 640 930 vincebat
662 880 786 926 idem
802 873 940 940 jubar
959 876 1005 922 in
1026 874 1169 938 spatio
1189 874 1243 935 2)
1275 870 1297 895 ¹‘
1325 877 1575 919 Zoroontem

309 950 375 997 Ut
395 964 482 996 nec
504 947 808 1012 principium,
838 958 928 991 nec
947 941 1093 991 finem
1113 954 1304 988 cernere
1326 937 1506 1003 poffem

187 1033 228 1081 ς,
311 1015 536 1080 Purpurei
557 1013 806 1077 splendoris
833 1017 933 1058 erat
954 1008 1086 1058 color
1111 1020 1252 1072 atque
1272 1006 1459 1055 serenus

312 1084 426 1130 Inde
451 1082 545 1145 pias
565 1080 741 1127 animas
767 1077 958 1125 iatiebat
978 1087 1109 1139 grata
1132 1073 1355 1138 voluptas

307 1149 398 1197 Sed
422 1163 504 1210 per
524 1145 765 1194 circuitum
789 1143 1000 1206 quamvis
1018 1142 1136 1188 acies
1157 1141 1412 1187 oculorum

313 1213 468 1263 Iret&
501 1213 548 1261 in
571 1223 724 1277 partes
743 1208 937 1258 divertas
959 1207 1177 1257 volveret
1196 1205 1354 1259 orbes,

308 1282 456 1348 Qod
480 1287 637 1328 tamen
659 1278 785 1326 intus
819 1282 920 1325 erat
940 1307 956 1332 ‚
987 1273 1083 1323 visu
1107 1285 1357 1338 penetrare
1383 1270 1655 1336 nequibam.

182 1364 257 1400 10.
310 1349 550 1399 Exteriora
571 1347 734 1395 videns
755 1343 1030 1409 intrinsecus
1051 1341 1142 1391 effe
1164 1341 1403 1404 putabam.

304 1415 518 1472 Luminis
536 1412 803 1469 -auE’mrem,
825 1411 904 1459 lux
923 1410 1034 1458 inde
1055 1409 1287 1474 profunda
1316 1408 1498 1465 ruebat,

212 1533 216 1538 .
305 1486 413 1550 Qa
436 1498 519 1548 per
539 1481 784 1530 circuitum
809 1478 980 1527 chorus
1004 1476 1078 1526 ille
1099 1475 1223 1525 sacer
1243 1475 1462 1524 radiabat.

303 1549 360 1601 In
382 1549 556 1601 cunffls
580 1551 705 1598 Deus
739 1562 859 1596 unus
881 1558 1005 1603 erat,
1046 1547 1098 1608 3)
1131 1559 1297 1592 manus
1326 1541 1478 1592 omnis
1497 1540 1544 1588 in
1567 1537 1664 1605 ipso

254 1665 261 1668 „
302 1618 604 1672 Sanfi’torum,
631 1617 760 1681 (upra
781 1630 922 1681 quarn
952 1614 1034 1676 [n]
1068 1613 1194 1661 Deus
1215 1613 1338 1661 intus
1357 1609 1405 1659 ὅ(
1429 1615 1560 1658 extra

184 1701 256 1749 145.
307 1687 483 1735 Omnia
506 1686 685 1748 girabat
711 1685 865 1737 Deus,
885 1682 1011 1729 idem
1037 1677 1202 1729 cunE’ta
1222 1681 1430 1744 regebat.
1504 1724 1510 1730 ,

305 1755 423 1802 Non
447 1752 581 1815 polus
602 1763 680 1798 aut
701 1750 859 1811 tellu5‚
879 1765 974 1796 non
990 1747 1213 1809 Cynthia,
1238 1747 1312 1793 sed
1336 1758 1491 1808 neque
1514 1740 1722 1791 Phoebus

312 1819 427 1867 Haec
450 1818 495 1865 in
518 1830 648 1880 parte
674 1817 785 1863 mihi
807 1816 990 1878 penitus
1021 1825 1221 1875 potuere
1251 1811 1420 1865 videri,

305 1885 383 1933 Nii
405 1884 464 1933 ibi
485 1898 767 1948 corporeum
787 1881 848 1928 nil
873 1879 1109 1928 materiale
1132 1878 1406 1928 videndum.

308 1952 414 2001 Lux
435 1952 568 2010 tadiis
587 1951 736 1999 aciem
761 1964 858 1997 non
881 1945 1163 2011 impediebat
1183 1946 1359 1996 ibidem

823 2045 868 2094 C
881 2061 909 2093 Λ
921 2062 960 2093 r.
1000 2047 1042 2094 V
1056 2046 1117 2092 11.

454 2137 546 2179 Vox
566 2133 618 2181 de
638 2132 845 2193 martyrio
860 2132 1002 2192 sonat,
1025 2130 1074 2175 (5
1094 2145 1177 2175 non
1188 2143 1317 2193 paret
1339 2130 1497 2193 imago.

308 2217 541 2283 Qamvis
563 2230 677 2281 ergo
697 2217 824 2264 senes
847 2214 992 2263 fulciri
1016 2214 1125 2262 sede
1143 2226 1378 2279 putarent,

311 2290 537 2333 Attamen
563 2284 738 2348 absque
764 2284 936 2330 throno
958 2283 1128 2330 chorus
1154 2281 1228 2329 ille
1254 2283 1436 2329 [edebat
1456 2280 1503 2328 in
1525 2280 1642 2344 ips0,·

310 2354 355 2400 A
376 2366 472 2413 quo
499 2350 577 2398 iux
609 2349 801 2398 rutilans
823 2351 927 2414 quia
957 2349 1069 2397 fons
1105 2350 1328 2397 manabat
1355 2348 1606 2397 inundans.

178 2432 226 2480 5,
311 2416 464 2480 Cujus
485 2429 584 2466 erat
616 2418 809 2481 specieS,
831 2431 885 2475 ut
905 2418 951 2465 in
973 2433 1081 2466 arcu
1105 2416 1343 2481 splendida
1367 2416 1531 2464 nubes.

313 2486 538 2549 Cumque
557 2499 638 2548 per
657 2485 929 2532 immensam
951 2486 1098 2534 divini
1121 2485 1305 2533 luminis
1329 2498 1505 2533 auram.

307 2551 518 2601 Luminis
530 2551 588 2599 ad
611 2552 792 2599 iontem
807 2550 1031 2600 dedud'tus
1055 2553 1177 2601 forte
1198 2551 1396 2605 fuissem,

306 2619 670 2685 omnipotentis
693 2620 776 2667 ubi.
796 2616 1006 2681 Majestas
1040 2619 1130 2668 effe
1161 2619 1326 2668 viderii
1358 2619 1416 2681 4)

308 2690 469 2752 Atque
488 2686 571 2735 viri
592 2700 781 2734 mecum
807 2685 1045 2735 summiffis
1068 2687 1272 2736 vultibus
1301 2687 1414 2734 iilud

186 2768 261 2804 ιο.
309 2755 505 2805 Numen
522 2752 783 2803 adotaffent
807 2770 826 2816 3
858 2755 1014 2804 tonuit
1033 2755 1189 2821 fragor
1209 2756 1326 2804 altus
1359 2752 1536 2803 ibidem

2042 2823 2191 2877 Vocis

0 2921 2 2944 1
631 2891 847 2936 Lefflones
868 2891 1090 2939 van'antes
1109 2893 1163 2938 ἐκ
1185 2893 1299 2940 Alitis
1310 2890 1573 2940 Sanfforum.

1 2965 25 3016 ξ’
65 2952 297 3013 1)·Ὶρὶιιᾶοι
415 2955 464 3010 2)
489 2953 611 3010 spatiis
629 2957 872 2997 Horizomem
987 2958 1031 3011 3)
1063 2957 1137 2998 ibat
1264 2960 1310 3010 4)
1341 2956 1483 2999 videtur

5 3082 6 3095 ,
812 3048 1043 3094 Annomtio
1070 3054 1122 3099 G,
1143 3048 1417 3108 Henschenii.'

5 3117 8 3176 ζ
78 3105 143 3163 [n]
172 3109 266 3154 deest
277 3110 445 3156 verbum:
461 3110 695 3158 sustinuerat,
704 3112 740 3153 in
750 3114 862 3169 priori
876 3116 972 3158 vita:
1007 3113 1394 3167 eratquoddammodo
1413 3113 1449 3153 in
1460 3111 1647 3156 omnibus.
