2498 3401
215 271 317 322 160

222 348 360 363 w

391 463 472 500 20.

385 1530 460 1564 10.

385 1867 459 1915 15.

380 2741 454 2777 10.

187 3235 193 3242 .
268 3196 310 3250 1)
329 3197 464 3243 Morte}

966 307 976 314 ,
1021 261 1076 308 11.
1109 259 1222 308 vita
1253 260 1296 312 s.
1320 227 1583 316 Anteharii,

518 378 712 431 AEdibus
724 377 916 427 incensis
933 372 1127 425 discessit
1138 372 1302 422 onusta
1321 376 1503 439 rapinis.

519 450 626 496 Hoc
635 450 780 495 domus
806 447 971 509 ecclffiae
982 445 1303 505 claustrumque
1317 441 1530 507 flagravit
1549 447 1607 494 ab
1618 447 1743 506 igne,

513 518 571 566 Et
583 517 737 564 cultus
750 515 850 567 alii,
889 513 1087 563 flammis
1101 511 1249 559 arsere
1263 511 1404 558 libelli
1572 514 1579 523 '
1728 567 1733 570 Π

511 585 629 633 Non
647 597 802 632 tamen
817 582 992 631 idcirco
1006 593 1136 646 pater
1147 578 1381 641 ingemuit
1395 610 1409 633 ‚
1444 577 1554 626 licet
1565 577 1644 627 illo

508 652 724 700 Turbine
739 649 1018 716 perdiderit,
1059 642 1355 713 quaecunque
1369 657 1612 709 paraverat
1626 644 1730 704 illic,

511 720 567 768 In
578 735 737 770 rerum
756 719 936 768 damnis
957 718 1105 781 viguit
1121 714 1504 781 patientiasbrtis·

997 813 1040 862 C
1054 827 1082 860 Α
1097 827 1135 859 P.
1172 810 1404 859 XXXVI.

695 898 874 946 Pellitur
884 899 908 942 ὲ
920 902 1048 942 terris
1061 898 1205 942 Simon
1227 910 1343 956 aeger
1356 905 1494 940 morte
1502 901 1680 958 nepotis.

510 971 729 1024 Pressuris
747 972 887 1037 igitur
899 984 1008 1019 cuin
1026 968 1183 1018 multis
1195 965 1476 1024 afficeretun
1684 1023 1693 1031 .

506 1044 583 1092 Ac
604 1056 686 1104 per
698 1040 945 1087 circuitum
960 1036 1402 1086 manuserrabunda
1414 1034 1607 1084 suorum

513 1109 711 1177 Pignora
732 1107 959 1163 deferret,
999 1119 1294 1171 nusquaumve
1306 1103 1537 1169 quiescere
1552 1101 1704 1168 posset

513 1178 697 1225 Contra
711 1175 1000 1221 Gautbertum
1010 1173 1205 1222 fremuit
1218 1172 1368 1219 rabies
1380 1178 1610 1227 Sveonum,
1648 1203 1651 1205 -

510 1245 566 1292 Et
578 1244 679 1291 face
692 1257 796 1307 pars
814 1240 973 1306 populi
987 1241 1197 1305 quaedam
1217 1237 1433 1286 succensa
1444 1238 1620 1284 furoris

508 1310 711 1360 Praesulis
723 1308 978 1373 hospitium
1000 1305 1428 1361 circumvallando,
1465 1305 1742 1352 Nithardum

509 1376 957 1428 Perculit-insontem
979 1375 1221 1426 mucronis
1244 1388 1378 1422 more
1421 1375 1471 1435 Ι)
1506 1386 1754 1437 nepotem,

514 1444 621 1510 Ejus
640 1445 893 1510 matyrium
910 1459 996 1509 pro
1009 1441 1180 1493 Christi
1194 1442 1389 1491 nomine
1414 1439 1607 1491 uastum

494 1516 571 1579 [At
584 1528 699 1564 vero
713 1513 909 1562 comites
926 1511 1038 1560 alios
1052 1510 1297 1576 ipsumque
1322 1509 1539 1575 ligantes,
1586 1549 1587 1559 ,

510 1579 701 1645 Ejecere
719 1580 804 1628 suis
829 1579 1048 1644 spoliatos
1069 1579 1266 1642 turpiter
1281 1579 1389 1626 oris.

507 1651 596 1698 Sed
612 1650 688 1714 qui
701 1645 869 1696 cundia
889 1647 1021 1696 videt
1040 1657 1286 1694 momenta
1308 1643 1499 1693 latentia
1518 1658 1696 1702 rerum,

507 1718 618 1766 Hoc
628 1716 813 1765 transire
825 1714 954 1763 nefas
970 1715 1096 1762 Deus
1109 1712 1175 1761 est
1190 1728 1291 1761 non
1313 1710 1464 1777 paffus
1479 1711 1697 1766 inultum.

517 1785 662 1848 Impia
674 1798 876 1846 namque
890 1796 1056 1829 manus
1068 1781 1225 1845 paucis
1238 1780 1405 1845 punita
1416 1780 1580 1828 diebus

501 1851 699 1900 Pertulit
719 1850 916 1898 exitium
929 1848 1106 1897 diversa
1119 1847 1242 1895 sorte
1261 1846 1514 1898 malorum.

512 1919 658 1969 LInius
671 1917 854 1968 cladem
865 1933 954 1983 pro
966 1914 1147 1966 cunetis
1171 1915 1408 1964 scribimus
1417 1920 1605 1978 gautem.

937 2020 983 2071 C
995 2035 1025 2068 A
1036 2036 1074 2073 Ρ.
1120 2018 1374 2068 XXXVII.

721 2105 925 2152 Poem'tut‘t
936 2106 1101 2164 sceleris
1119 2118 1242 2166 poenae
1253 2116 1418 2149 terrore
1433 2101 1666 2165 sequentis.

510 2181 598 2229 Vir
614 2179 698 2229 fuit
711 2180 759 2227 in
775 2192 896 2227 terra
914 2177 1105 2242 quidem
1119 2173 1361 2224 ditissimus
1378 2174 1468 2232 illa,
1597 2228 1602 2232 ⁵

503 2246 655 2311 Hujus
669 2249 713 2295 in
730 2250 818 2295 hac
831 2247 957 2295 rabie
970 2243 1203 2294 consenfit
1225 2242 1367 2300 filius,
1404 2254 1549 2307 atque

505 2318 577 2365 De
593 2316 738 2379 spoliis
753 2326 934 2380 partem
948 2313 1086 2377 patris
1100 2313 1308 2376 portavit
1330 2310 1387 2358 ad
1413 2313 1567 2358 aedem

509 2385 666 2433 Morte
687 2382 929 2447 repentina
954 2381 1028 2429 sed
1040 2394 1154 2428 mox
1170 2379 1368 2432 defecit,
1396 2376 1443 2426 <Sc
1465 2393 1573 2435 una,

508 2455 523 2501 1
531 2451 688 2500 nteriit
701 2447 879 2513 conjux
892 2479 907 2503 ‚
942 2447 1069 2497 simul
1085 2445 1199 2495 alter
1222 2446 1336 2494 filius
1352 2442 1467 2509 ejus,
1547 2503 1551 2504 ⁷

505 2521 572 2568 Ut
584 2520 716 2569 videt
727 2521 946 2567 orbatum
962 2516 1048 2564 sese
1060 2515 1197 2564 miser
1219 2514 1307 2563 effe
1322 2515 1535 2563 Deorum

506 2582 718 2636 Credidit
729 2585 949 2635 offensam
963 2617 977 2642 ‚
1006 2583 1209 2649 quaesivit
1220 2583 1276 2630 ab
1288 2581 1464 2645 augure
1478 2578 1658 2630 causam
1672 2613 1689 2640 ‚

509 2660 827 2719 Auguragens
851 2653 1016 2710 sorteS‚
1050 2651 1128 2700 fibi
1141 2651 1276 2700 divos
1289 2649 1378 2697 effe
1399 2649 1612 2697 faventes

505 2723 667 2771 Asserit
677 2753 692 2777 ‚
720 2724 768 2771 in
781 2720 1021 2770 Christum
1037 2719 1213 2771 fastum
1227 2720 1372 2772 docet
1383 2716 1473 2766 effe
1484 2729 1689 2771 reatum.

510 2791 596 2839 Sed
611 2805 766 2855 neque
780 2788 946 2854 placari
959 2787 1197 2837 Christum
1212 2819 1226 2845 ‚
1248 2801 1338 2835 nec
1349 2785 1474 2849 poffe
1486 2783 1649 2848 repelli

506 2859 620 2906 Vim
632 2857 788 2906 morbi
802 2859 1016 2921 penum,
1049 2857 1165 2906 dum
1184 2870 1255 2904 res
1276 2853 1528 2919 possederit
1542 2849 1660 2916 ejus.

509 2927 630 2990 Ergo
654 2940 737 2988 per
747 2926 993 2989 augurium
1003 2922 1307 2985 tremefafius
1332 2923 1556 2970 barbarus
1571 2918 1680 2978 ille,

507 2994 778 3046 Evertendo
789 2997 851 3042 do
858 3008 990 3041 mum
1001 3025 1015 3051 ,
1042 2990 1213 3039 librum
1225 3005 1296 3038 res
1310 2991 1431 3040 inter
1442 2991 1568 3056 apud
1579 2988 1623 3037 se

856 3127 998 3194 Leih‘q
1017 3120 1197 3195 gariaeng
1218 3142 1276 3192 eat
1298 3127 1415 3194 Abit}
1445 3127 1717 3195 §afiorum

2127 257 2355 321 2[P'eriod.

2301 3046 2422 3113 Rep-
