2498 3401
220 217 290 269 94
985 194 989 200 ’
1081 205 1114 253 1.
1146 203 1256 254 Vita
1274 203 1599 269 S.Anscharii‚'
2119 204 2351 256 2Per10d,

231 283 2263 303 mmm*—

220 317 583 382 reponerenr,in
602 332 691 381 qua
705 325 839 366 erant
861 321 964 365 duae
983 319 1305 366 manfiunculae
1325 319 1426 366 satis
1460 321 1489 352 ’Κ
1525 318 1707 382 optime
1727 329 2007 382 praeparatae.
2106 319 2243 369 Hanc
2263 321 2420 384 itaque

223 382 463 450 praedictus
479 387 701 432 Herioldus
713 385 1002 449 conspiciens
1017 386 1153 450 elegit
1166 384 1259 463 ipse
1272 386 1493 433 in'eadem
1509 388 1617 434 navi
1632 401 1739 434 curn
1759 384 1841 433 illis
1854 399 2074 450 manere,
2087 398 2140 434 ut
2161 382 2238 450 ipli
2261 403 2354 436 una
2368 385 2420 436 δι
2492 384 2498 424 ἒ

224 453 366 502 altera
383 454 646 516 potirentur
660 453 973 501 manfiuncula
987 470 1008 517 3
1037 453 1185 516 licque
1198 460 1319 500 inter
1331 468 1412 501 eos
1423 454 1702 502 familiaritas
1715 453 1877 517 coepit‚
1892 451 1942 502 ὅ(
1961 454 2294 503 benevolentia
2315 469 2418 504 cre·
2496 466 2498 471 ²

223 522 345 568 {cere
359 537 381 580 v3
415 520 476 569 sui
489 536 678 586 quoque
692 522 862 569 exhinc
873 520 1108 570 servitium
1123 521 1184 567 eis
1200 521 1468 585 diligentius
1483 521 1832 584 impendebant.
1865 521 1979 569 Inde
1991 519 2159 586 egressi
2172 537 2253 586 per
2269 521 2315 550 *²*
2331 521 2418 586 [k]

221 589 489 646 Dorstatum,
501 589 549 637 ὅς
562 590 726 638 vicinia
737 590 958 648 Frefonum
974 594 1269 637 transeuntes
1291 590 1348 635 ad
1363 587 1583 636 Confinia
1605 597 1933 653 pervenerunt
1955 589 2200 637 Danorum
2212 622 2226 646 ,
2247 588 2296 638 ὅ(
2313 591 2421 654 quia

222 656 462 704 interdum
477 656 668 721 pacifice
682 657 726 704 in
741 658 906 721 Regno
925 656 1005 704 suo
1022 655 1272 703 Herioldus
1290 656 1391 704 Rex
1404 655 1647 704 conlistere
1661 671 1759 703 non
1774 669 1976 720 poterat,
1992 657 2122 706 dedit
2133 658 2174 705 ei
2189 672 2422 706 memora-

223 735 297 772 tus
312 724 547 789 Augustus
570 724 686 773 ultra
699 722 1245 780 AlbiamBeneficium‚ut
1266 724 1294 772 fi
1317 726 1508 789 quando
1531 724 1573 771 ei
1596 722 1897 772 necessarium
1921 722 2034 772 esset
2054 754 2068 780 ,
2102 724 2165 772 ibi
2189 723 2422 775 subiistere

221 790 387 856 poffet.
455 792 633 841 Praefati
652 794 806 857 itaque
829 791 942 840 servi
959 791 1043 838 Dei
1063 806 1171 839 cum
1193 807 1252 840 eo
1272 792 1403 855 positi
1425 790 1679 856 aliquando
1702 790 1823 839 inter
1845 790 2151 846 Christianos,
2166 791 2422 857 aliquando

220 860 347 907 inter
363 860 570 925 Paganos
589 859 826 908 constituti
841 871 1090 922 coeperunt
1102 860 1250 909 verbo
1268 861 1352 907 Dei
1367 858 1578 913 insistere,
1595 858 1642 907 ὅ(
1656 857 1888 923 quoslibet
1903 869 2124 922 poterant
2134 860 2191 907 ad
2206 861 2330 909 viam
2342 875 2423 910 ve·
2493 898 2495 900 -

222 927 368 974 ritatis
385 942 594 976 movere.
627 930 674 988 3)
744 927 880 974 Multi
899 928 1039 974 etiarn
1060 930 1114 987 4)
1134 925 1414 990 exemplo&
1428 925 1636 976 decirina
1648 940 1816 974 eorum
1840 927 1897 972 ad
1911 924 2053 974 fidem
2074 929 2422 977 converteban-

222 1008 314 1050 tur,
330 994 655 1043 &crescebant
666 995 893 1057 quotidie,
907 996 983 1060 qui
1001 994 1105 1043 salvi
1118 993 1340 1043 fierentin
1355 995 1578 1042 Domino.
1651 993 1731 1057 Ipsi
1752 1007 1941 1058 quoque
1964 993 2129 1041 divino
2149 994 2350 1059 inspirati
2372 1011 2424 1043 a·

221 1077 356 1110 more
368 1062 425 1108 ad
440 1060 828 1126 promulgandam
845 1062 1115 1111 devotionis
1141 1062 1226 1110 sua:
1249 1062 1526 1127 religionem
1545 1072 1795 1127 coeperunt
1820 1060 1999 1109 curiose
2014 1075 2181 1122 pueros
2195 1076 2424 1126 quaerere,

220 1144 340 1193 quos
353 1142 587 1182 emerent,
601 1127 647 1177 &
660 1130 713 1175 ad
734 1130 818 1177 Dei
833 1129 1069 1178 servitium
1084 1129 1358 1180 educarent.
1406 1130 1622 1178 Praefatus
1637 1142 1829 1194 quoque
1839 1130 2063 1175 Herioldus
2075 1144 2133 1176 ex
2147 1128 2233 1177 suis
2244 1129 2424 1194 aliquos

160 1239 163 1241 .
218 1197 301 1245 sub
316 1197 481 1246 eorum
496 1212 607 1246 cura
619 1196 899 1245 erudiendos
914 1196 1064 1260 posuit
1080 1210 1095 1247 ε
1131 1198 1296 1261 Sicque
1314 1193 1487 1245 tacitum
1500 1196 1582 1254 est,
1598 1209 1649 1243 ut
1672 1194 1873 1244 scholam
1895 1196 2005 1245 inibi
2027 1210 2179 1260 parvo
2201 1206 2424 1260 tempore

220 1263 468 1315 statuerint
483 1264 753 1320 duodecim,
768 1276 846 1312 aut
860 1279 920 1312 eo
932 1263 1130 1327 amplius
1143 1278 1413 1328 puerorum.
1483 1263 1611 1311 Alios
1625 1277 1815 1327 quoque
1829 1262 2056 1310 hincinde
2071 1263 2146 1309 fibi
2158 1262 2424 1312 asciverunt

220 1334 470 1391 [brvitoreiu
483 1333 529 1382 ὃ(
542 1330 778 1396 adjutores
796 1348 812 1393 3
844 1331 1087 1395 coepitque
1097 1333 1264 1379 ‘eorum
1281 1332 1402 1378 fama
1416 1329 1463 1380 ὅ(
1478 1331 1641 1395 religio
1655 1332 1701 1377 in
1718 1330 1815 1377 DEI
1831 1329 2029 1376 nornine
2039 1326 2314 1388 fructuosius
2328 1346 2426 1379 cre-

219 1401 362 1451 scere.
430 1403 556 1451 Cum
570 1403 724 1464 itaque
738 1400 888 1448 inhoc
905 1398 1062 1447 sancto
1079 1398 1322 1462 proposito
1346 1398 1568 1457 bienni03
1593 1408 1672 1444 aut
1684 1411 1743 1444 eo
1764 1394 1960 1461 amplius
1973 1404 2289 1450 morarentur,
2303 1412 2425 1448 con-

222 1469 330 1535 tigit
348 1467 445 1533 jam
466 1467 641 1516 dictum
663 1467 854 1516 fratrem
865 1467 1125 1514 Aatbertum
1145 1464 1424 1514 infirmitatis
1438 1465 1621 1529 gravari
1635 1462 1858 1511 molestia.
1954 1464 2066 1530 Qa
2088 1464 2148 1513 de
2167 1465 2298 1514 caula
2315 1466 2426 1518 inde

221 1539 284 1586 ad
305 1554 461 1584 novam
481 1537 700 1596 Corbqjam
719 1533 944 1582 deductus
966 1533 1193 1597 languore
1225 1533 1410 1580 diutino
1432 1530 1785 1596 ingravescente
1805 1561 1817 1585 ,
1855 1530 1994 1580 foelici
2012 1561 2030 1598 .²
2071 1542 2125 1579 ut
2161 1533 2422 1591 credimus,>

220 1606 409 1655 tranlitu
431 1606 480 1653 in
501 1617 721 1666 tempore
732 1602 941 1659 Paschae,
958 1599 1217 1666 licut&ipsi
1239 1611 1348 1649 ante
1370 1600 1394 1647 a
1409 1600 1621 1649 Domino
1654 1599 1917 1648 revelatum
1946 1600 2125 1658 fuerat,
2157 1600 2284 1649 diem
2309 1601 2424 1651 inibi

217 1673 373 1724 claufit
394 1685 689 1721 extremum·

320 1784 325 1788 .
391 1760 513 1805 CAP.
542 1758 663 1800 Vnt.
717 1754 766 1812 5)
851 1750 1043 1798 Interim
1073 1764 1188 1798 vero
1222 1750 1286 1814 [l]
1321 1749 1524 1815 contigit
1548 1749 1755 1814 Legatos
1774 1756 1984 1798 sueonum
2015 1751 2070 1799 ad
2102 1757 2423 1803 memoratum

218 1821 484 1887 Principem
523 1823 577 1880 6)
599 1818 775 1868 venisse
792 1819 1075 1872 Ludonisum,
1106 1818 1184 1882 qui
1206 1820 1326 1866 inter
1349 1818 1431 1866 alia
1456 1818 1700 1881 legationis
1723 1818 1809 1864 suae
1832 1819 2050 1866 mandata
2064 1818 2423 1871 clementissimo

219 1892 385 1940 Caesari
403 1892 715 1938 innotuerunt
729 1903 745 1947 3
772 1885 861 1934 effe
874 1885 1048 1933 multos
1062 1886 1108 1932 in
1120 1892 1262 1948 gente
1275 1884 1721 1950 sua7quiChristianae
1736 1884 1990 1949 Religionis
2005 1885 2184 1935 cultum
2200 1887 2425 1953 luicipere

219 1960 528 2008 desiderarent
548 1967 562 2014 3
594 1954 735 2020 Regis
759 1968 949 2018 quoque
970 1954 1031 2001 sui
1051 1954 1260 2019 animum
1279 1955 1337 2001 ad
1360 1955 1455 2001 hoc
1477 1953 1577 2001 satis
1602 1951 1959 2008 benivolum,ut
1977 1953 2038 2000 ibi
2063 1953 2322 2004 sacerdotes
2336 1957 2424 2006 Dei

217 2027 308 2078 esse
333 2026 655 2091 permitteret,
687 2030 872 2070 tantum
894 2018 991 2082 ejus
1016 2019 1337 2080 munificentia
1359 2031 1667 2071 mererentur,
1684 2026 1735 2064 ut
1750 2018 1814 2066 eis
1829 2020 2156 2082 praedicatores
2176 2021 2426 2074 destinaret

219 2097 435 2146 idoneos.
502 2092 649 2154 Quod
670 2085 1026 2152 religiofiffimus
1049 2088 1242 2135 audiens
1253 2089 1517 2150 Imperator
1537 2086 1789 2150 plurimum
1814 2087 2109 2140 exhilaratus,
2125 2088 2287 2137 denuo
2301 2105 2425 2154 quae·

219 2178 327 2213 rere
339 2161 499 2226 coepit,
509 2172 626 2224 quos
639 2158 685 2205 in
699 2154 793 2204 illas
807 2166 958 2218 partes
971 2155 1206 2218 dirigeret,
1230 2154 1309 2219 qui
1333 2155 1610 2217 probarent,
1645 2165 1804 2200 utrum
1824 2152 2024 2218 populus
2049 2154 2127 2203 ille
2147 2160 2207 2204 ad
2228 2159 2426 2208 creden·
2460 2198 2470 2208 t

225 2231 341 2278 dum
356 2239 539 2293 paratus
554 2224 681 2280 esset,
696 2224 822 2273 sicuti
837 2219 954 2271 miffi
965 2221 1026 2270 illi
1041 2221 1388 2275 intimaverant,
1403 2220 1451 2269 ὅ(
1465 2220 1643 2269 cultum
1657 2220 1917 2284 Religionis
1930 2219 2205 2270 Christianae
2226 2223 2310 2272 illis
2331 2231 2447 2275 trau*
2497 2275 2498 2278 ,

226 2298 338 2348 dere
357 2296 635 2361 inciperent.
705 2292 845 2341 Unde
855 2288 1028 2339 faaum
1041 2288 1121 2344 est,
1134 2301 1188 2337 ut
1207 2290 1380 2339 iterum
1395 2304 1502 2338 cum
1515 2299 1784 2337 memorato
1805 2287 1905 2351 [m]
1919 2289 2108 2338 Abbate
2127 2287 2426 2408 vestrtssere.

2209 2372 2259 2406 m
2297 2373 2424 2410 imus

383 2462 428 2504 ad
438 2458 653 2502 Theodonis
668 2457 801 2500 villam,
813 2460 848 2497 8<
860 2454 948 2496 inter
958 2452 1080 2494 missos
1091 2452 1198 2492 etiam
1212 2450 1232 2491 ἒι
1244 2451 1435 2492 Ludovico
1446 2449 1603 2497 electus,
1622 2450 1715 2490 alius
1734 2449 1779 2490 ab
1796 2463 1843 2491 eo
1853 2448 2090 2490 Hildebaldus
2109 2450 2232 2493 Caroli
2251 2454 2305 2498 Μ.
2320 2454 2425 2508 «(1ιῇ

386 2531 514 2558 mento
525 2514 730 2568 subscripsit,
742 2516 888 2565 eiusque
904 2509 1064 2550 decessor
1075 2510 1249 2548 statuitur.

223 2577 225 2580 .
285 2590 352 2646 [k]
380 2592 616 2628 nous-rmum
639 2586 676 2623 in
691 2587 768 2626 MS,
786 2581 1008 2623 Corbeienss,
1023 2580 1102 2619 aliis
1118 2593 1206 2621 vero
1218 2581 1483 2622 Dortsrimruu,
1500 2576 1587 2618 infra
1599 2574 1832 2620 Dorstadum,
1847 2575 2028 2631 oppidum
2035 2577 2254 2621 Batavorum
2269 2575 2315 2634 ad
2323 2577 2426 2643 Rhe-„j

388 2657 490 2687 num,
501 2653 540 2681 ut
549 2641 711 2695 plurimis
722 2637 823 2692 supra
835 2636 1119 2677 demonstratum
1129 2635 1193 2678 est.
2006 2649 2009 2650 ν
2177 2660 2179 2663 ,

284 2714 340 2770 [l]
368 2717 432 2752 An.
443 2718 536 2763 829.
548 2710 591 2751 de
600 2710 861 2765 Legationibus
871 2708 914 2748 ad
925 2712 1069 2750 Succos,
1080 2708 1177 2745 Birca
1187 2705 1367 2758 emporio,
1377 2708 1412 2744 δε
1421 2706 1514 2744 Rern
1528 2703 1591 2744 scu
1599 2704 1737 2745 Biorno
1753 2704 1873 2745 astum
1884 2699 1962 2751 τῆς
1975 2713 2021 2743 11,

2492 2634 2498 2664 ,l

2490 2666 2498 2700 l

2484 2694 2498 2756 ,ςὲ

283 2782 366 2841 [m]
392 2786 476 2820 Erat
485 2782 598 2821 Walo
616 2780 737 2819 Abbas
753 2791 839 2819 tune
854 2777 971 2818 adhuc
985 2778 1021 2816 in
1033 2777 1169 2829 Palatio
1179 2776 1396 2828 Imperatori
1411 2786 1671 2829 gratus,quem
1683 2774 1742 2814 hic
1759 2786 1858 2815 anno
1867 2771 2029 2827 sequenti
2037 2775 2123 2826 830.
2134 2783 2177 2816 ex
2185 2769 2423 2826 Palatioiuffit
2488 2779 2498 2822 ἑ

387 2835 433 2878 ad
444 2837 700 2878 monasterium
709 2835 836 2879 redire,
846 2847 886 2874 ut
895 2833 1027 2886 legitur
1045 2836 1081 2871 in
1091 2834 1159 2873 vita
1173 2831 1362 2877 Ludovici,

864 2906 1082 2952 LeHiones
1093 2905 1314 2949 variantes
1331 2919 1386 2948 ex
1397 2902 1512 2948 Aliis
1523 2902 1790 2948 sanderum.

287 2978 332 3033 3)
348 2988 498 3018 monere
556 2976 611 3029 4)
625 2974 725 3014 enim
782 2973 824 3027 5)
842 2976 961 3027 Caput
977 2974 1042 3014 lv.
1061 2970 1297 3025 Apostolatus
1308 2970 1452 3008 Sueciae.
1513 2968 1560 3019 6)
1578 2967 1686 3013 deest,
1699 2965 1915 3022 Principem,
1939 3019 1946 3026 .

873 3042 1088 3091 Lefiiones
1109 3040 1325 3087 variantes
1345 3039 1370 3086 ὦ
1384 3038 1604 3086 Lambecio
1618 3051 1781 3086 nomtae.

286 3114 309 3141 θ’
336 3108 574 3167 Opportune,
591 3108 775 3160 Cohedit.
931 3109 975 3139 *ὓ
1005 3105 1257 3150 normanum,
1282 3106 1466 3153 Col,edir.
1483 3108 1528 3148 ita
1547 3104 1690 3160 &apud
1709 3106 1756 3151 G.
1776 3107 1826 3148 Η.
