2433 3401
100 206 134 254 4
145 189 257 252 Cap.
271 185 406 251 meite
417 184 620 252 ffieilage·
860 186 920 235 de
932 185 1155 253 Episcopo
1166 186 1399 242 Vicelino.
2118 200 2215 261 629

350 298 418 344 Ut
437 311 632 361 propter
656 297 820 345 summi
845 309 1080 361 pateretur
1105 299 1289 361 praemia
1312 301 1441 363 regni

346 365 475 412 Idola
502 367 693 429 deponi,
720 363 1004 429 Christoque
1027 366 1128 413 Deo
1154 366 1379 418 famniari,

345 433 655 496 Ecclefiasque
670 432 791 489 strui,
819 448 902 493 per
914 448 1111 496 regnum
1126 433 1265 480 delub
1296 449 1314 464 ‘¹
1341 432 1459 486 tolli.

348 502 419 549 At
439 516 520 547 rex
538 500 783 547 Heinricus
810 498 916 548 fidei
940 516 1036 548 non
1061 498 1193 548 fietus
1214 501 1389 547 amicus

343 568 490 615 Audit
510 574 747 631 gratanter
775 582 876 631 quae
901 568 1092 616 [vaierat
1113 566 1186 615 ille
1209 559 1462 621 decenter,-

341 634 545 699 Jureque
564 633 716 699 regali,
743 635 802 682 de
827 634 954 683 causa
977 634 1209 696 spirituali,

345 703 413 750 Ut
437 704 597 750 docuit
626 703 711 750 toti
733 703 939 767 praefecit
959 717 1068 750 eum
1088 701 1287 765 regioni,

346 769 474 816 Idola
499 769 748 826 destruere,
772 769 875 817 fidei
900 782 1056 833 portas
1083 770 1276 833 aperire,
1300 812 1301 816 ,

341 837 394 884 In
417 836 525 892 fidei
548 838 701 886 verbis
722 839 960 902 deponere
981 836 1095 887 colla
1119 836 1340 901 superbIs,

347 904 560 952 Ecclefias
583 905 773 960 struere,
808 904 1047 968 perversos
1069 907 1276 970 quoique
1300 905 1487 952 docere.

343 971 430 1020 His
454 973 602 1019 homo
625 971 848 1027 firmatus,
875 974 1002 1019 omni
1027 973 1203 1020 virtute
1233 973 1473 1034 probatus,

344 1038 589 1086 Ecclesiam
615 1040 768 1087 Bucue
789 1041 934 1087 veteri
958 1039 1175 1088 fundavit
1192 1041 1238 1088 in
1265 1040 1409 1100 urbe3

300 1103 304 1104 ⁷
345 1105 468 1152 Misit
503 1121 562 1152 eo
594 1106 757 1153 fratres
780 1105 927 1153 missas
952 1119 1228 1155 reverenter
1249 1118 1444 1170 agentes

345 1170 667 1234 Officiumque
681 1172 809 1220 suum
825 1190 840 1233 ;
855 1173 1128 1229 Ludoifum‚
1143 1175 1283 1228 Brun,
1296 1174 1659 1230 Herimannum‚

344 1237 560 1302 Principe
583 1242 776 1287 vivente
797 1254 960 1303 pacem
986 1239 1148 1287 fratres
1170 1241 1390 1287 habuere.
1566 1239 1569 1240 ⁷

345 1304 582 1355 Defun&o
614 1321 725 1371 rege
747 1306 862 1354 maia
885 1306 1096 1369 protinus
1119 1305 1370 1354 invaluere.
1403 1306 1460 1366 7)

346 1373 470 1437 Ergo
496 1373 744 1422 concussus
764 1374 924 1422 animo
947 1372 1121 1422 (1οᾶοτ
1140 1375 1446 1429 reverendus,

344 1440 527 1504 Regem
548 1439 822 1489 Romanum
845 1442 1048 1504 perrexit
1069 1441 1197 1489 adire
1219 1441 1492 1489 Luiderum·

344 1506 509 1556 Gestas
531 1509 744 1568 exposuit
766 1524 854 1559 res,
877 1506 926 1553 ὃς
950 1519 1120 1553 votum
1147 1509 1382 1570 patefecit,

344 1572 436 1621 Pro
460 1573 648 1621 Christo
672 1574 825 1637 plures
848 1574 894 1620 [e
915 1572 1035 1621 veile
1059 1574 1206 1621 {ubire
1228 1572 1426 1629 labores,

344 1641 414 1688 Ut
439 1651 620 1688 tantum
645 1639 854 1687 Christus
875 1638 1052 1687 cunetis
1078 1638 1516 1691 fieret‘manifestus.

348 1707 511 1772 Qem
531 1709 654 1755 bene
675 1706 862 1768 {uscepit
884 1706 1036 1754 Caesar
1059 1708 1175 1770 pius,
1197 1720 1338 1772 atque
1358 1709 1529 1760 remifit

340 1773 636 1821 Conditione
657 1775 795 1828 bona,
820 1789 915 1820 non
939 1775 1222 1822 imminuens
1246 1779 1355 1836 eig)
1370 1776 1510 1833 dona,

347 1842 551 1906 Qantis
574 1841 817 1888 Slavorurn
844 1857 922 1889 rex
946 1840 1240 1889 investiverat
1262 1842 1406 1893 illum.

349 1906 535 1970 Adjecit
560 1921 716 1955 tamen
739 1909 808 1956 his
829 1906 1036 1970 maiestas
1057 1910 1301 1972 imperialis

348 1976 582 2038 Indigenis
604 1984 740 2023 terrae
761 1978 1030 2023 concedens
1053 1976 1126 2025 vel
1151 1978 1223 2024 sua
1246 1991 1442 2041 quaeque

346 2041 519 2090 Praedia
545 2045 800 2098 vendendi,
825 2044 900 2091 vel
919 2059 1112 2109 quaeque
1136 2045 1298 2093 volens
1314 2043 1546 2093 tribuendi

287 2146 291 2147 γ
348 2109 553 2157 Ecciefiae
583 2111 751 2173 cuique
793 2126 932 2174 quam
965 2111 1257 2160 construeret
1280 2124 1412 2175 pater
1433 2110 1528 2165 iste.

347 2177 539 2241 Insuper
564 2177 758 2225 Holsatis
778 2181 829 2239 9)
857 2179 954 2226 loca
971 2195 1053 2242 per
1067 2180 1310 2228 nemorosa
1328 2179 1488 2227 locatis

348 2245 462 2293 Haec
483 2243 545 2291 est
570 2244 768 2301 libertas,
797 2249 894 2293 haec
919 2246 981 2294 est
1004 2247 1211 2295 concessa
1237 2246 1456 2310 potestas,

348 2312 456 2360 Hoc
478 2314 614 2359 etiam
639 2314 773 2360 donis
797 2313 945 2361 Caesar
971 2314 1281 2378 superaddidit
1302 2315 1408 2372 istis,

347 2380 427 2427 Ne
451 2393 614 2442 gravet
638 2380 727 2426 ulla
755 2381 854 2427 suos
877 2381 1057 2430 exafiio
1080 2385 1192 2430 dura
1216 2383 1414 2432 colonos
1424 2392 1442 2443 ς

346 2447 531 2496 Chartis
557 2446 770 2511 instripfit
798 2449 893 2497 haec
917 2449 964 2498 ὅ(
987 2450 1106 2497 bulla
1129 2451 1356 2499 stabilivit.

350 2515 542 2562 Addidit
556 2517 610 2561 ad
624 2516 847 2579 grandem
863 2517 1032 2566 Christi
1046 2520 1291 2581 genetricis
1323 2519 1560 2578 honorem

352 2581 445 2630 Pro
470 2597 613 2642 prece
632 2583 858 2631 consortis
883 2585 1067 2634 thalami
1092 2603 1256 2635 manus
1282 2586 1527 2648 imperialis

350 2650 401 2698 In
441 2651 750 2712 sigebergensi
782 2651 883 2699 vina
908 2653 1005 2702 loca
1027 2670 1240 2719 congrua
1264 2655 1408 2717 patria

353 2719 419 2765 Ut
455 2719 531 2764 sub
558 2717 738 2765 casteno
762 2724 1008 2768 conversos
1033 2725 1232 2772 coiiocet
1252 2723 1346 2778 ino,

349 2785 521 2834 Praedia
548 2785 758 2833 villarum
790 2788 968 2836 donans
991 2790 1072 2838 iuis
1103 2792 1374 2855 aliquarum.

349 2854 561 2900 Nomina
588 2853 798 2901 villarum
825 2856 923 2904 (unt
943 2859 1040 2906 haec
1068 2861 1217 2907 (ubter
1238 2858 1515 2923 pofitarumt

347 2920 420 2969 Est
447 2922 783 2986 Sigebergenfis
811 2922 992 2973 illorum
1017 2927 1121 2975 villa
1145 2926 1346 2981 forensis,

1249 2988 1426 3048 ssfff
1465 3008 1486 3055 3
2075 2998 2216 3047 Vicus

16 3119 17 3130 2
73 3088 76 3092 ’
101 3087 146 3142 7)
174 3086 268 3128 deest
285 3089 421 3141 integer
440 3084 580 3130 versusz
612 3084 752 3139 Expuifi
773 3086 856 3125 stare
874 3087 992 3127 fratres
1012 3087 1061 3128 ibi
1082 3103 1156 3129 non
1174 3089 1326 3135 valuere,
1414 3092 1459 3142 8)
1492 3105 1545 3132 ea.
1631 3093 1680 3147 9)
1708 3094 1898 3135 Hoitzatis.
