2498 3401
141 199 161 234 ι
178 184 296 249 Cap.
311 180 620 247 ersseffieilage.
820 180 1118 245 besdm‘cbm
1141 194 1246 256 von
1269 186 1311 232 S·
1328 186 1596 247 Rembertn.
2152 213 2201 248 ιι
2224 216 2237 250 1

66 301 258 354 Ecclesia
271 296 486 362 adjuncta
509 297 555 346 ὅ(
580 299 710 346 unita
721 298 816 361 sedi
827 297 1209 358 Hammaburgenst'
1221 314 1237 358 3
1272 313 1373 362 quae
1396 302 1519 363 prius
1542 311 1779 366 Metropolis
1805 311 2052 359 constituta
2071 312 2245 370 fuerat,

65 367 182 418 finita
193 366 256 415 est
268 365 690 430 ArcbiepiscopaliS.
714 369 767 428 4)
799 366 975 414 Verum
991 366 1094 429 quia
1110 366 1168 412 de
1183 366 1445 435 Dioeceseos
1459 368 1555 416 ilius
1567 372 1814 420 rationeita
1830 374 2002 424 firmata
2019 381 2114 427 haec
2127 394 2240 441 prae·

65 435 342 497 occupando
354 435 551 481 diximus
565 450 580 494 3
604 433 806 482 multum
819 433 943 481 enim
955 433 1039 479 fuit
1052 436 1275 495 temporis
1289 466 1303 489 ‚
1328 451 1386 482 ex
1401 451 1495 501 quo
1507 435 1658 484 sedem
1673 438 1791 486 illam
1804 444 2151 503 gubernandam
2177 450 2242 495 lu·

63 501 280 564 suscepit,
302 501 571 565 priusquam
593 500 869 549 auetoritate
890 499 1154 567 Apostolica
1175 499 1462 551 firmaretur:
1482 505 1539 552 ad
1564 519 1618 553 ca
1649 519 1753 570 quae
1774 511 1890 569 prius
1906 514 2023 570 gesta
2043 513 2146 562 sunt
2166 530 2240 565 re„

64 569 274 617 neamus.

229 656 352 701 CAP.
364 656 476 701 XXI.
498 651 726 715 'Namque
741 648 941 713 suscepta
952 647 1185 697 Bremensi
1197 648 1414 713 Parochia
1427 684 1441 708 ,
1462 651 1630 704 iterum
1651 653 1806 720 spiritu
1819 658 1965 721 coepit
1976 660 2157 713 fervere
2170 666 2240 715 in-

61 719 208 776 timo'³
229 716 439 784 quiajam
456 722 691 784 tuncquid
705 719 1072 773 darethabebat‚
1095 716 1123 764 fi
1144 705 1424 831 qwsset
1443 722 1491 768 in
1514 724 1716 785 partibus
1734 725 1974 773 Danorum
1997 743 2082 790 pro
2102 732 2238 781 Chri·

59 786 581 835 stielaborarenomine.
653 786 792 834 Unde
814 785 1105 848 frequentius
1139 787 1169 819 *
1299 803 1369 832 um
1399 787 1464 852 [l]
1496 790 1646 847 adire,
1678 793 1755 854 qui
1775 805 1890 841 tunc
1908 793 2027 841 solus
2051 797 2240 846 Monar-

59 853 211 902 chiam
227 855 374 918 Regni
388 857 578 902 tenebat
592 854 834 901 Danorum
849 884 862 906 ,
884 852 930 900 ὅ(
945 853 1217 900 muneribus
1233 869 1357 907 eum,
1383 871 1438 903 ac
1457 857 1808 922 quibuscunque
1823 874 2004 924 poterat
2017 864 2241 927 obsequiis

59 921 309 970 conciliare
323 921 516 977 studuit,
541 928 597 969 ut
620 920 691 968 sua
707 921 895 969 licentia
906 921 1240 984 praedicationis
1254 919 1412 971 officio
1432 925 1476 970 in
1494 925 1660 987 Regno
1672 922 1768 988 ejus
1783 928 1868 974 frui
1891 928 2079 978 valeret.
2149 933 2241 980 Ali-

57 988 237 1053 quoties
251 1003 453 1054 namque
465 990 589 1051 regia
603 989 740 1036 etiam
757 987 1010 1052 Legatione
1024 988 1079 1034 ad
1093 1003 1199 1035 eum
1211 991 1508 1043 mittebatur,
1538 991 1586 1040 ὅ(
1607 1008 1706 1056 quae
1729 998 1782 1040 ad
1805 996 1982 1043 soedera
2003 999 2123 1062 pacis
2143 1032 2156 1055 ‚
2189 998 2241 1049 ὅ(

57 1055 296 1119 utriusque
308 1056 438 1118 regni
453 1055 694 1102 utilitatem
710 1057 1036 1117 pertinebant,
1069 1055 1253 1103 strenue
1278 1055 1339 1105 ὃ(
1359 1059 1457 1120 [m]
1499 1057 1692 1107 fideliter
1718 1065 1980 1127 peragebat.
2052 1066 2157 1132 Qa
2179 1068 2240 1116 de

53 1136 108 1170 re
129 1122 321 1185 cognita
335 1121 425 1168 fide
437 1119 707 1169 &bonitate
721 1120 856 1169 sanffi
870 1122 963 1169 Viri
978 1122 1222 1184 praedicsstus
1260 1126 1310 1185 5)
1346 1130 1489 1170 Oricus
1505 1126 1606 1175 Rex
1620 1127 1771 1175 multo
1793 1145 1900 1178 eum
1914 1131 2080 1181 affeElu
2094 1134 2241 1198 coepit

53 1189 289 1243 venerari,
313 1185 362 1234 δι
382 1186 580 1235 libenter
603 1184 702 1251 ejus
725 1187 919 1236 consilio
939 1188 1022 1241 uti,
1044 1189 1563 1240 acfamiliarissimumin
1581 1197 1826 1254 omnibus,
1851 1199 1909 1246 ita
1934 1212 1985 1246 ut
2006 1204 2144 1249 etiam
2183 1203 2240 1264 6)

53 1254 348 1304 intersecreta
362 1253 432 1301 sua
443 1284 458 1308 ,
485 1255 598 1301 dum
613 1259 673 1303 de
686 1255 881 1319 negotiis
894 1255 1042 1319 Regni
1063 1270 1170 1304 cum
1183 1256 1461 1307 Confiliariis
1483 1259 1564 1307 suis
1579 1261 1797 1312 tractaret
1807 1295 1822 1319 ‚
1840 1266 1914 1330 ipii
1939 1268 2096 1317 liceret
2120 1269 2241 1333 inte-

52 1320 180 1372 reffe.
248 1322 309 1370 Ea
322 1336 512 1386 quoque
524 1337 613 1387 qua
626 1324 746 1371 inter
758 1324 988 1388 populum
1002 1319 1137 1386 hujus
1153 1336 1302 1382 terrae,
1328 1327 1542 1375 videlicet
1553 1331 1791 1379 Saxonum
1805 1348 1858 1380 ac
1871 1333 2088 1398 Regnum
2105 1336 2239 1401 ipsius

51 1390 180 1439 causa
201 1388 387 1438 foederis
408 1390 643 1438 debebant
664 1390 903 1443 constitui,
927 1407 1024 1438 non
1036 1393 1164 1439 aliter
1176 1392 1267 1440 fine
1297 1398 1351 1453 7)
1387 1393 1480 1442 fide
1495 1396 1607 1443 illius
1622 1397 2020 1458 volebatfirmari‚
2043 1407 2137 1453 hoc
2159 1403 2239 1454 fibi

51 1457 211 1505 dicens
242 1455 442 1505 omnino
465 1454 731 1507 fidiffimum
763 1459 848 1521 [n]
896 1457 989 1507 effe
1009 1491 1024 1517 ‚
1055 1462 1183 1524 quod
1206 1459 1279 1507 ille
1300 1461 1339 1508 ei
1372 1458 1657 1512 &laudasset
1679 1465 1723 1513 ὅ(
1746 1468 2071 1532 spopondisset.
2136 1470 2239 1536 Hac

49 1525 177 1590 itque
199 1522 500 1573 familiaritate
522 1528 678 1591 potius
711 1529 856 1590 coepit
885 1527 1025 1575 etiam
1057 1527 1116 1575 illi
1150 1528 1419 1592 persuadere
1438 1545 1489 1579 ut
1513 1530 1655 1585 fieret
1677 1534 1758 1599 [o]
1790 1535 2088 1586 Christianus.
2159 1537 2238 1588 lile

49 1607 237 1658 quoque
269 1592 427 1640 omnia
446 1622 461 1646 ‚
493 1608 596 1658 quae
624 1595 662 1641 ei
695 1609 753 1643 ex
782 1595 939 1641 divina
968 1596 1211 1643 intimabat
1243 1596 1460 1661 scriptura
1481 1632 1496 1656 ‚
1528 1601 1729 1664 benigne
1759 1604 1975 1653 audiebat
1996 1638 2011 1663 ,
2043 1605 2092 1654 ἃ
2111 1606 2237 1655 bona

48 1660 232 1725 prorius
244 1674 298 1707 ac
309 1674 422 1708 vere
435 1659 638 1709 salutaria
652 1662 739 1711 effe
750 1662 965 1711 laudabat
977 1693 992 1717 ,
1019 1663 1152 1726 leque
1174 1663 1243 1710 his
1266 1664 1518 1727 plurimum
1540 1666 1782 1723 delectari,
1803 1686 1856 1719 ac
1876 1670 2074 1722 libenter
2093 1674 2236 1723 Chri-

48 1727 98 1775 sti
113 1726 232 1774 velle
244 1728 438 1789 gratiam
455 1731 735 1792 promereri.
824 1729 914 1777 Cui
940 1729 1040 1792 post
1055 1729 1155 1777 talia
1170 1743 1280 1778 vota
1295 1762 1310 1783 ,
1345 1747 1471 1794 pater
1489 1733 1783 1784 sanetislimus
1797 1748 2011 1801 patenter
2043 1741 2099 1804 8)
2134 1742 2233 1807 sug·

49 1808 161 1861 gere
181 1794 348 1855 coepit,
374 1806 424 1840 ut
437 1795 623 1842 Christo
638 1796 845 1842 Domino
858 1796 974 1840 hanc
987 1799 1267 1844 concederet
1287 1800 1663 1848 benevolentiam
1681 1835 1695 1858 ,
1715 1807 1841 1865 quod
1865 1810 1904 1853 ei
1926 1807 2231 1870 gratiffimum

50 1861 171 1907 foret
194 1868 247 1906 ut
268 1860 312 1906 in
325 1859 502 1921 Regno
525 1862 603 1907 luo
618 1861 856 1909 Ecclefiam
873 1859 967 1908 fleri
984 1863 1296 1922 permitteret,
1319 1866 1396 1911 ubi
1425 1866 1632 1914 sacerdos
1656 1871 1786 1916 omni
1811 1878 2023 1935 tempore
2035 1876 2230 1938 praelens

47 1926 244 1978 adesset,
267 1924 314 1972 ὅ(
331 1928 456 1973 verbi
470 1923 795 1974 divinisemina
809 1942 864 1974 ac
879 1929 1086 1990 baptismi
1108 1931 1304 1990 gratiam
1325 1934 1586 1996 quibusque
1608 1934 1831 2000 suscipere
1853 1939 2116 1990 volentibus
2137 1955 2231 1990 tra·-

46 1997 190 2041 deret.
258 1993 402 2055 de
428 1994 500 2040 ille
514 1992 837 2057 benigniffimo
850 1993 1251 2043 conceffitaffecsstu
1266 2028 1277 2048 ‚
1300 1997 1347 2045 ὅ(
1371 2001 1415 2046 in
1441 2013 1575 2062 portu
1597 2006 1801 2065 quodam
1815 2005 1962 2071 Regni
1983 2007 2043 2057 sui
2064 2011 2230 2060 adhoc

45 2057 273 2125 aptiffimo
297 2058 343 2107 ὅ(
366 2060 475 2109 huic
496 2059 698 2124 Regioni
721 2060 941 2124 proximo
971 2062 1031 2095 **
1060 2064 1293 2123 Sclafiwicb
1325 2067 1377 2127 9)
1425 2067 1507 2131 [p]
1541 2071 1730 2123 vocati,
1764 2072 1839 2119 ubi
1869 2089 1926 2121 ex
1947 2078 2075 2124 omni
2097 2090 2228 2140 parte

47 2134 308 2176 conventus
330 2125 880 2191 fiebatNegociatoriJm,
908 2128 1148 2177 Ecclesiam
1172 2130 1228 2178 illi
1250 2132 1477 2187 fabricare·
1497 2136 1726 2198 permifit,
1757 2140 1960 2189 tribuens
1991 2142 2147 2191 locum
2179 2146 2227 2195 in

47 2209 147 2261 quo
158 2194 405 2258 Presbyter
417 2205 653 2243 maneret:
691 2198 793 2243 data
809 2196 1172 2258 pariterlicentia
1188 2228 1202 2252 ‚
1221 2200 1547 2266 utquicunque
1569 2204 1710 2252 vellet
1733 2207 1777 2253 in
1801 2206 1972 2273 Regno
1995 2210 2073 2258 suo
2095 2211 2226 2261 fieret

46 2261 345 2311 Christianus.
414 2262 515 2311 Hac
536 2278 651 2328 ergo
669 2264 900 2313 Dominus
938 2268 1020 2319 10)
1052 2266 1300 2330 Episcopus
1322 2268 1478 2317 noster
1497 2277 1688 2334 accepta
1703 2273 1882 2323 licentia
1896 2305 1909 2329 ‚
1937 2277 2083 2326 statim
2097 2282 2225 2343 quod

44 2331 120 2378 diu
133 2328 473 2378 desideraverat
484 2332 680 2395 perfecit
693 2343 707 2382 2
740 2332 792 2378 Et
806 2331 1057 2381 constituta
1071 2334 1130 2380 ibi
1144 2333 1333 2389 Ecclesia
1347 2337 1394 2385 in
1408 2339 1589 2386 honore
1603 2339 1763 2390 lan-stae
1775 2345 2012 2408 genitricis
2024 2347 2108 2396 Dei
2123 2347 2224 2394 Ma-

2145 2427 2224 2463 11ae

659 2467 871 2512 LeHiones
895 2467 1114 2514 variantes
1134 2474 1187 2515 ex
1210 2472 1323 2517 Αἱῖιές
1345 2473 1604 2520 sannorum.

32 2511 33 2514 Ἴ
95 2528 147 2583 4)
176 2532 327 2583 capati
341 2532 706 2584 LegatioinDaniam
718 2532 883 2577 resumta.
919 2537 957 2572 ln
969 2538 1260 2590 Succiamparata
1324 2541 1365 2593 ς)
1384 2541 1538 2579 noricus
1597 2541 1699 2595 ωδ(
1739 2545 1783 2598 7)
1801 2545 1916 2586 nitide
1977 2546 2023 2599 Β)
2046 2547 2220 2601 patienter

216 2587 266 2636 9)
292 2584 453 2627 slealwrc
556 2590 624 2640 ιο)
659 2592 841 2631 Domnus.

743 2663 882 2707 Lemo
903 2663 1085 2709 variam
1105 2664 1131 2709 ἆ
1147 2665 1365 2712 Lambect'o
1383 2680 1544 2716 notata.

104 2723 126 2749 θ’
157 2722 523 2768 Col.edit.Horicus,
550 2724 617 2768 sor.
632 2726 764 2768 tricus.
788 2731 832 2770 G.
847 2731 890 2769 H.
1017 2731 1061 2755 θ’*
1093 2734 1174 2775 Col.
1196 2734 1281 2775 edit.
1298 2733 1493 2778 Slietwicb.

812 2805 1118 2848 annotationes
1140 2811 1188 2850 G.
1207 2806 1468 2860 Henfihenii.

104 2857 155 2914 [1]
189 2860 360 2903 noricus,
382 2861 584 2906 Horichus,
600 2862 747 2905 oricus,
766 2867 906 2909 Horuc.
926 2873 1053 2913 Ericus,
1075 2871 1265 2909 Godofn'di
1286 2874 1394 2925 Regis
1406 2887 1449 2911 an
1473 2879 1563 2920 πω.
1581 2875 1687 2916 occifi
1705 2875 1822 2922 filiun
1848 2878 1953 2920 initio
1965 2894 2046 2920 cum
2057 2891 2212 2934 quatuor

203 2913 367 2953 fratribus
381 2944 389 2959 ‚
411 2932 488 2956 tum
500 2919 623 2958 tribus,
643 2919 722 2962 deun
738 2933 833 2961 uno,
852 2923 921 2963 iam
941 2924 1034 2962 solus
1044 2926 1235 2974 regnabat,
1254 2928 1640 2983 confususaplerisque
1649 2948 1732 2973 cum
1743 2938 1860 2975 Rome
1870 2936 2096 2976 seuRoricho
2107 2935 2211 2977 fratte

204 2970 362 3009 Herioldr
376 2975 499 3025 Regis.
567 2979 657 3026 Qnae
675 2977 796 3013 omnia
809 2975 974 3016 fuscante
993 2979 1219 3023 deduximus.

101 3021 185 3076 [m]
213 3027 308 3065 MSS.
324 3029 509 3082 Hamburg
529 3030 683 3071 feliciter.
907 3032 974 3085 [n]
1006 3035 1105 3072 Idem
1116 3039 1216 3080 MSS.
1230 3035 1484 3082 fideliffimum.

105 3076 169 3132 [υ]
203 3081 713 3140 HincliquetMogumiaenon
731 3083 1070 3140 fuiffebaprizatum.
1135 3090 1199 3144 [p]
1234 3093 2207 3155 Sleaswic,SlieswicB,Sleswicumdetosupraegimus.
