2498 3401
132 214 276 281 1Cap.
289 207 639 277 “eebsteffbeilage.
1032 202 1139 253 Vita
1161 203 1201 252 S.
1218 202 1461 253 Rimberti.
2141 204 2237 263 265
2314 227 2315 230 κ

67 324 193 379 mihi,
207 323 408 386 graviter
423 311 507 367 vos
521 320 657 374 ferre,
671 320 801 384 quod
815 316 1050 381 parvitatis
1063 330 1177 364 meae
1197 316 1344 364 lite-ras
1354 329 1459 363 raro
1469 313 1725 376 suscipiatis,
1791 313 1937 382 Qod
1960 315 2107 362 modo
2126 312 2244 362 mihi-

67 393 316 439 emendare
338 387 545 451 cupienti
566 390 675 450 quid
695 386 890 435 scribere
901 385 1097 432 debeam
1110 382 1235 431 nihil
1236 382 1593 431 convenientius
1609 379 1825 436 occurrit,
1837 394 1978 445 quam
1997 389 2050 430 ut
2073 395 2156 430 vos
2180 383 2242 429 de

67 456 224 506 vestrae
238 454 495 502 Sanctitatis
519 468 853 502 commoneam
880 450 1130 515 proposito.
1199 451 1245 496 Si
1265 451 1403 512 igitur
1425 450 1482 494 ad
1504 443 1863 494 sublimiffimam
1884 447 2083 511 gloriam
2103 448 2241 499 vultis

68 524 329 587 pervenire,
343 522 472 568 omni
497 521 667 569 virtute
690 518 1093 582 incorruptionem
1114 516 1325 580 corporis
1347 530 1400 562 ac
1423 514 1597 576 spiritus
1619 513 1836 561 excolere
1856 515 2046 563 debetis.
2119 518 2244 565 inte.

67 589 197 637 rioris
219 591 340 636 enim
364 589 464 634 fotu
488 602 540 634 ac
554 588 723 651 pabulo
748 586 954 652 puritatis
978 582 1316 637 subministrari,
1331 579 1513 629 necesse
1530 579 1593 626 est
1616 581 1757 627 etiam
1783 581 2020 628 exterioris
2041 583 2243 631 hominis

69 655 334 707 castitatem,
350 669 547 718 eamque
560 653 738 719 jugiter
752 655 808 702 ad
825 651 1208 718 perseverantiam
1231 654 1466 713 perpetuae
1492 646 1856 710 incorruptionis
1879 649 2086 699 animari.
2155 649 2244 697 111ae

70 737 269 785 namque
285 722 517 769 suntverae
529 731 670 785 atque
695 724 781 782 86)
797 722 1076 781 incorrupta:
1088 717 1292 778 virgines
1306 714 1492 767 Christi,
1508 728 1603 761 non
1625 727 1725 778 quae
1736 722 1972 770 metuunt,
1984 715 2058 762 sed
2078 716 2245 779 quibus

70 804 165 840 nnn
190 788 301 836 hbet
324 792 407 849 87)
422 788 648 837 fornicari.
718 788 862 853 Qud
874 789 1068 837 donum,
1083 783 1111 832 fi
1124 783 1302 848 persDei
1313 783 1506 847 gratiam
1520 781 1709 845 adeptas
1724 795 1808 829 vos
1821 781 2057 839 senseritis,
2067 795 2245 846 quanto

71 869 254 919 magnae
267 854 382 910 estis,
396 868 446 902 ut
467 855 584 904 sacra
599 869 759 903 monet
772 855 1002 918 Scriptura
1020 851 1101 915 [*]
1119 850 1379 899 bumilitate
1400 864 1486 897 vos
1506 849 1552 896 in
1575 846 1872 908 omnibus,&
1885 863 2044 895 coram
2058 849 2161 895 Deo
2179 849 2248 896 in-

70 923 263 969 venietis
285 923 494 984 gratiam.
563 924 619 970 Ea
642 923 765 969 enim
788 922 862 969 via
885 921 1128 983 pervenire
1149 918 1328 966 debetis
1349 917 1405 963 ad
1419 913 1657 964 Christum
1671 914 1926 984 Dominum
1950 913 1997 964 <St
2015 914 2248 978 Sponsum

72 987 292 1044 vestrum,
308 989 410 1052 quia
431 989 525 1053 ipse
545 989 658 1036 dixit
681 1005 693 1034 ε
731 988 824 1050 [**]
861 989 1020 1046 Discite
1039 987 1068 1039 A
1090 1002 1179 1042 me,
1199 988 1305 1047 quia
1324 987 1438 1029 mitis
1451 985 1548 1044 sum
1569 980 1620 1027 o‘
1639 982 1808 1028 humilis
1829 983 1965 1028 corde.
2063 981 2247 1031 Curan-

72 1057 184 1102 dum
200 1058 349 1118 itaque
362 1055 439 1106 est,
454 1068 504 1102 ut
517 1056 643 1103 omni
659 1055 863 1103 custodia
883 1069 1014 1102 mens
1030 1053 1231 1102 servetur
1245 1051 1271 1099 ὲ
1285 1052 1502 1117 superbiae
1515 1062 1716 1099 tumore.
1786 1050 1900 1097 Non
1918 1049 2042 1097 enim
2063 1062 2173 1097 ante
2193 1065 2248 1098 o·

75 1120 204 1169 culos
219 1122 304 1168 Dei
325 1136 479 1169 vacuae
502 1120 794 1170 transvolant
814 1121 1122 1183 cogitationes
1143 1119 1334 1167 vestrae·:
1375 1120 1496 1166 intus
1526 1131 1644 1181 ergo
1667 1115 1796 1167 videt
1815 1117 1945 1164 Deus
1967 1118 2094 1181 quod
2117 1132 2251 1166 men-

23 1216 28 1218 ·
74 1198 169 1235 tem
183 1185 347 1239 elevat,
364 1186 410 1235 <Sc
425 1188 598 1234 idcirco
620 1189 728 1235 toris
750 1188 978 1249 permittit
996 1185 1273 1233 invalescere
1286 1187 1413 1248 quod
1433 1186 1655 1248 deponat.
1724 1183 1850 1231 Hinc
1871 1188 1955 1246 88)
1977 1184 2148 1249 quippe
2168 1198 2253 1248 per

75 1251 194 1300 Osee
214 1251 286 1316 [†]
313 1266 475 1301 contra
492 1253 705 1302 Israelitas
722 1253 885 1301 dicitur
902 1269 916 1298 ε
957 1254 1044 1313 89)
1064 1254 1241 1313 Spiritus
1262 1253 1556 1315 fornicationis
1578 1253 1626 1295 in
1645 1251 1780 1296 medio
1797 1267 1940 1298 eorum
1963 1254 2253 1299 &Dominum

77 1322 162 1379 90)
174 1337 255 1378 non
269 1334 576 1382 cognoverunt.
647 1321 745 1386 Qi
768 1326 820 1367 ut
841 1319 1123 1371 ostenderet,
1138 1319 1248 1366 licut
1267 1319 1375 1366 dicit
1398 1319 1558 1366 beatus
1573 1320 1827 1379 Gregorius,
1851 1320 1949 1380 [ἤ]
1973 1321 2099 1385 quod
2120 1319 2253 1368 caula

75 1384 270 1440 libidinis
292 1403 351 1435 ex
372 1388 506 1453 culpa
528 1400 803 1452 prorumpat
827 1386 1054 1443 eiationiS,
1079 1401 1194 1434 mox
1214 1385 1414 1437 subdidit
1435 1386 1623 1433 dicensz
1662 1391 1706 1430 ἔτ
1722 1385 1975 1447 respondebit
1995 1388 2255 1449 arrogantia

67 1454 204 1512 ‘Israel
222 1456 434 1516 infaciem
457 1457 548 1514 ejus
563 1473 580 1507 ,-
613 1471 665 1503 ac
686 1455 714 1502 fi
735 1455 924 1502 diceret.
994 1452 1145 1517 Culpa
1168 1468 1269 1517 quae
1293 1469 1376 1519 per
1397 1452 1647 1501 elationem
1669 1455 1837 1501 mentis
1851 1453 1896 1502 in
1908 1454 2094 1502 occulto
2105 1452 2254 1506 latuit,

77 1535 158 1584 per
171 1526 314 1569 carnis
327 1521 550 1570 luxuriam
564 1524 610 1569 in
622 1533 783 1587 aperto
796 1520 1110 1585 respondebit.
1182 1521 1381 1570 Proinde
1395 1536 1478 1584 per
1490 1519 1756 1568 humilitatis
1770 1520 2020 1569 custodiam
2036 1520 2255 1570 servanda

77 1585 141 1634 est
164 1582 383 1637 munditia
405 1589 630 1637 castitatis.
696 1588 743 1636 Si
759 1589 883 1635 enim
907 1587 1084 1652 spiritus
1108 1587 1187 1635 sub
1201 1589 1304 1636 Deo
1327 1589 1566 1652 premitur,
1581 1603 1691 1636 caro
1712 1586 1868 1637 illicite
1886 1588 2019 1651 (uper
2036 1589 2255 1653 Spiritum

78 1667 177 1701 non
200 1655 391 1704 levatur.
460 1657 614 1704 Habet
629 1655 799 1719 quippe
811 1656 1000 1718 Spiritus
1013 1655 1304 1703 commistum
1319 1655 1394 1702 sibi
1407 1657 1666 1703 dominium
1681 1657 1842 1712 carnis,
1855 1655 1883 1703 fi
1897 1667 2054 1703 tamen
2068 1656 2144 1703 sub
2158 1656 2255 1705 Do·

80 1720 215 1767 mino
238 1723 527 1785 recognoscit
539 1719 642 1782 jura
662 1722 874 1783 legitimae
898 1723 1139 1769 servitutis.
1206 1723 1330 1769 Nam
1352 1722 1380 1769 fi
1402 1721 1641 1770 auctorem
1665 1723 1795 1770 suum
1818 1723 2123 1784 superbiendo
2144 1738 2257 1770 con-

81 1788 274 1843 temnit,
292 1785 398 1851 jure
422 1792 507 1848 9¹)
523 1788 568 1835 ὃ(
582 1788 606 1834 ὲ
626 1786 821 1849 subjecta
835 1803 968 1835 carne
980 1788 1185 1849 praelium
1200 1788 1391 1850 inscipit.
1459 1790 1582 1836 Hinc
1596 1788 1659 1836 est
1681 1791 1808 1837 enim
1831 1791 1959 1853 quod
1980 1789 2121 1853 longa
2140 1804 2255 1836 con·-

84 1853 274 1900 tinentia
288 1868 479 1917 repente
494 1855 684 1902 solvitur
695 1884 707 1907 ,
733 1855 842 1901 hinc
854 1856 978 1917 quod
994 1852 1327 1918 plerumque&
1341 1868 1487 1916 usque
1499 1856 1553 1900 ad
1567 1855 1739 1903 senium
1754 1854 1990 1919 virginitas
2005 1856 2176 1903 servata
2189 1854 2258 1904 vi-

83 1920 237 1969 tiatur.
306 1922 427 1987 Qia
440 1923 564 1969 enim
580 1921 826 1984 negligitur
841 1921 1069 1968 humilitas
1083 1922 1249 1977 cordis,
1262 1920 1413 1969 teitus
1420 1918 1568 1984 judex
1579 1922 1767 1986 despicit
1784 1923 1925 1970 etiam
1939 1923 2256 1985 integritatem

82 1988 303 2049 corporis.
370 1989 425 2035 Et
437 1989 717 2051 quandoque
731 2000 1031 2051 perapertum
1045 1987 1218 2035 malum
1231 1989 1460 2051 reprobos
1474 1991 1746 2041 annunciat,
1760 2004 1876 2053 quos
1897 1990 2074 2037 dudum
2097 2004 2257 2053 repro-

84 2052 169 2099 bos
192 2054 234 2099 in
255 2054 442 2101 occulto
464 2055 704 2101 tolerabat.
773 2055 897 2101 Nam
918 2055 1085 2118 quidiu
1102 2054 1332 2102 servatum
1345 2055 1529 2103 bonum
1554 2055 1706 2103 subito
1728 2057 2076 2120 perdidit,apud
2097 2056 2257 2104 semet-

85 2118 229 2180 ipsum
243 2120 361 2167 intus
374 2122 497 2185 aliud
513 2121 683 2168 maium
708 2123 874 2176 tenuit,
888 2135 946 2169 ex
961 2136 1055 2185 quo
1077 2120 1200 2168 aliud
1222 2122 1370 2169 subito
1389 2124 1555 2186 erupit.
1623 2126 1687 2171 At
1706 2138 1790 2187 per
1808 2124 1903 2171 hoc
1924 2122 2257 2187 omnipotenti

87 2186 188 2233 Deo
200 2189 337 2234 etiarn
352 2200 466 2236 tunc
479 2187 650 2236 alienus
663 2189 829 2245 extitit,
843 2189 1032 2253 quando
1057 2187 1100 2236 se
1119 2188 1160 2237 ei
1182 2202 1267 2253 per
1288 2190 1563 2238 munditiam
1577 2192 1785 2254 corporis
1797 2191 2019 2238 inbaerere
2034 2189 2261 2238 monstra-

88 2253 169 2301 vit.
235 2254 350 2304 Haec*
364 2270 493 2318 ergo,
508 2255 624 2309 filiae,
638 2270 735 2303 non
748 2256 855 2304 ideo
869 2256 1031 2312 scribe,
1042 2256 1171 2320 quod
1183 2258 1230 2303 in
1245 2257 1378 2306 vobis
1391 2257 1638 2322 quicquam
1649 2259 1708 2306 de
1719 2256 1940 2323 qualitate
1953 2258 2169 2323 superbiae
2184 2255 2260 2305 vel

88 2334 217 2366 vanae
229 2320 385 2382 gloriae
398 2324 725 2385 cognoverim,
740 2322 814 2370 sed
828 2323 934 2388 quia
949 2337 1034 2372 vos
1047 2329 1164 2387 opto
1176 2324 1222 2372 in
1234 2323 1412 2373 illarum
1426 2324 1663 2374 consortio
1674 2324 1763 2374 esle
1772 2355 1787 2380 ,
1806 2326 1865 2374 de
1883 2324 2050 2391 quibus
2070 2324 2233 2390 legitur
2245 2340 2260 2371 ε

90 2385 194 2448 [ἢ]
214 2391 438 2453 Qom'am
455 2395 692 2452 sequuntur
702 2397 873 2451 Agnum
892 2407 1142 2454 quocunque
1161 2392 1278 2439 ierit.
1349 2391 1439 2440 [Ibi
1453 2391 1623 2442 multos
1637 2392 1846 2442 cecidisse
1856 2392 2013 2450 doleo,
2028 2407 2113 2441 vos
2126 2402 2262 2441 caute

89 2456 325 2501 ambulare
338 2455 558 2514 desidero,
570 2469 781 2522 optoque
802 2465 854 2504 ut
868 2460 990 2506 dicat
1002 2459 1136 2507 vobis
1151 2457 1380 2506 Dominus
1401 2457 1449 2508 ὅ(
1472 2458 1658 2523 sponsus
1679 2459 1853 2508 vester:
1878 2460 1982 2524 [†*]
2009 2466 2104 2506 Tota
2118 2462 2262 2523 pulcnae

91 2537 154 2571 es,
165 2524 307 2568 amica
322 2540 430 2575 mea,
443 2522 494 2569 θ’
504 2525 674 2572 macula
684 2542 765 2570 non
775 2526 889 2583 estin
900 2539 957 2573 te.
1030 2525 1191 2589 Itaque
1210 2526 1449 2592 sequimini
1470 2526 1546 2576 hic
1558 2530 1747 2592 Agrium
1766 2528 1812 2576 in
1834 2527 2080 2593 praeceptis
2097 2527 2196 2583 suis,
2209 2533 2264 2574 ut

93 2586 189 2652 ipso
201 2589 452 2722 εαξη-ἔζεε.
461 2590 588 2641 illum
601 2592 726 2657 sequi
740 2592 922 2644 valeatis
936 2593 983 2644 in'
995 2606 1167 2644 aeterna
1176 2593 1285 2653 vita,
1297 2594 1531 2714 cantassnpo
1543 2596 1797 2651 canticum,
1809 2595 1939 2661 quod
1959 2609 2101 2647 nemo
2112 2592 2264 2660 potest

282 2690 293 2708 .
393 2659 433 2710 ei
452 2690 468 2710 0
1853 2677 1856 2680 ·
2095 2662 2265 2720 dicere,

498 2814 502 2819 -
644 2815 651 2822 .
708 2783 920 2830 ῑεὶῗίοηεῐ
940 2783 1166 2833 variantes
1184 2799 1240 2832 ex
1252 2784 1367 2833 AHis
1385 2785 1650 2834 saliorum.

160 2857 231 2911 86)
249 2863 297 2902 δε.
353 2862 423 2915 87)
441 2861 534 2905 licet.
590 2862 662 2918 38)
678 2862 791 2908 deest.
847 2865 922 2919 89)
942 2863 1150 2912 dicitDeus.
1207 2868 1286 2920 90)
1305 2865 1412 2910 deest.
1467 2867 1538 2919 91)
1555 2865 1661 2913 deest.

776 3002 782 3007 ,
868 2953 1175 3001 Annotationes
1192 2936 1302 3005 Philj
1314 2953 1497 3014 σεμνὴ.

162 3023 222 3078 [θ]
255 3027 536 3070 Sirach.111.20.'
674 3026 761 3082 [ἢ]
795 3031 1078 3077 Matth.x1.20.
1257 3033 1327 3088 [ᾧ]
1354 3031 1457 3073 Oseae
1469 3036 1516 3076 V.
1534 3041 1580 3088 4.

162 3080 262 3136 [fi]
285 3086 321 3127 S.
332 3075 619 3138 GrdgorAEXVI.
630 3085 894 3138 18.in10bum.
1050 3086 1141 3142 [ἢ]
1175 3090 1451 3144 Apoc.X1V.4.
1610 3085 1702 3143 [θ’]
1735 3084 1989 3133 Cantlc,1V.7.
