2433 3401
131 176 662 246 4.Cap·3meffteQ3eiia9e0
760 174 765 177 “
881 178 941 228 de
953 176 1421 244 EpiscopoVicelino.

374 289 458 339 Iste
479 291 675 339 domum
694 289 873 354 domini
899 290 1067 338 fabrica
1094 291 1288 353 perfecit
1310 292 1356 338 in
1378 293 1528 339 omni.

377 357 508 406 Vixit
528 356 570 404 se
594 357 728 406 annis
751 357 796 406 in
819 356 946 405 cultu
978 357 1241 422 relligionis,

374 425 568 473 Sextum
582 423 680 489 post
690 439 869 472 annum
883 439 1005 472 curae
1017 425 1224 489 linqvens
1238 424 1618 472 Hermannum.2
1631 427 1681 486 ι)

375 493 470 558 Q
495 493 560 540 bis
589 490 790 557 septenis
811 491 912 557 post
934 492 1061 541 ilium
1082 491 1261 556 praesuit
1280 490 1441 543 anniS‚

374 560 431 608 Et
452 559 526 607 sua
549 561 661 609 dum
685 560 798 610 vixit
824 562 923 608 satis
945 572 1051 624 apte
1072 571 1283 622 tempora
1306 557 1440 604 rexit.

305 637 307 643 ‘
373 623 522 689 Hujus
545 629 832 691 temporibus
855 629 1132 677 Hartwicus
1154 624 1310 690 praesui
1336 626 1565 678 honoruS,

374 693 630 757 Templum
653 694 858 752 sacravit,
884 695 931 743 ὅ(
953 697 1088 742 dotes
1108 691 1426 756 amplificavit,

375 760 654 826 Cunfiiaque
681 762 886 813 firmavit
908 758 1192 827 quae'praesul
1217 758 1473 808 Athelbero
1493 756 1677 820 scripsit.

373 827 514 877 Tunc
525 835 612 890 22)
625 843 815 894 quoque
827 828 1085 895 praepositus
1097 828 1267 877 defecit
1282 832 1436 889 morte
1451 824 1711 882 Luidolqu,

375 896 432 944 Et
457 896 808 961 Sigebergenses
829 896 1047 946 consensu
1070 895 1411 944 convenientes

373 963 573 1010 Sumunt
594 964 828 1028 praeiaturn
850 964 924 1013 fibi
949 963 1243 1012 Bremensem
1270 959 1588 1008 Thidericum.

374 1030 620 1095 Praeposito
642 1046 756 1080 vero
779 1031 1007 1079 defuneto
1033 1029 1132 1094 post
1162 1030 1469 1083 Herimanno,

374 1098 579 1161 Diraque
598 1113 726 1147 mors
752 1113 917 1147 omnes
944 1111 996 1146 ut
1017 1097 1268 1162 consumsit
1290 1096 1488 1144 seniores
1535 1131 1539 1132 γ

372 1165 624 1227 Suppofitis
648 1167 852 1214 humeris
878 1179 999 1212 onus
1018 1163 1274 1212 absumsere
1298 1162 1496 1210 laboris:

370 1230 515 1296 Quos
538 1232 661 1279 bona
682 1231 870 1296 pastoris
889 1230 1045 1279 schola
1069 1231 1216 1293 prima
1249 1224 1612 1276 monasteriensis

375 1299 573 1349 Foverat
599 1299 802 1347 infantes
823 1297 871 1345 δι
895 1303 1099 1346 noverat
1120 1294 1429 1358 inspicientes,

371 1366 564 1415 Artibus
586 1363 634 1414 ὅ(
657 1365 809 1413 studiis
829 1363 957 1412 simul
979 1363 1249 1411 informarat
1272 1359 1496 1419 honestis,

372 1434 511 1497 Qos
535 1432 776 1496 Augustini
798 1431 874 1480 lex
897 1446 1005 1479 curn
1025 1430 1217 1497 ‘monitis
1233 1428 1432 1478 Viceiini

373 1499 571 1549 Instituit
595 1502 781 1564 pariter,
801 1499 849 1548 δι
876 1501 1035 1549 vivere
1058 1497 1424 1557 convenienter,
1484 1529 1487 1530 γ
1576 1562 1580 1563 ⁷

373 1567 441 1615 Ut
461 1581 695 1615 memores
716 1579 903 1632 patrum
928 1566 1056 1630 leges
1081 1575 1272 1613 teneant
1297 1563 1547 1615 seniorum,

370 1632 829 1696 Participes‘morum
855 1634 938 1682 sint
964 1632 1258 1697 haeredesque
1281 1629 1516 1683 laborum,

372 1699 440 1747 Ut
469 1693 646 1748 donu‘m
667 1702 797 1765 regni
816 1712 1095 1749 mereantur
1115 1695 1215 1759 jure
1239 1696 1452 1759 perenni,

347 1766 746 1829 ‘Aldenburgensi
769 1769 1092 1815 transmittitur
1115 1762 1140 1811 ὲ
1164 1765 1286 1812 duce
1308 1763 1403 1811 sedi

146 2971 359 3037 1.'²·OEbcii.

282 3054 363 3105 21)
395 3054 670 3099 aerimannun.
774 3059 850 3114 22)
873 3061 979 3104 Hinc.
1094 3065 1167 3121 23)
1193 3063 1368 3109 fuderit,
1465 3059 1544 3114 24)
1578 3049 1970 3106 Hammamburgenffl.

373 1831 611 1881 Ger-oldus
632 1835 824 1890 Svevus,
849 1835 926 1894 qui
950 1834 1104 1880 sedem
1128 1829 1434 1891 pontificatus

371 1897 805 1960 Aldenburgensem
831 1899 1008 1961 primus
1035 1894 1144 1943 fecit
1170 1894 1517 1944 Liubicensem.

370 1962 620 2012 Conradus
642 1965 794 2012 sedem
818 1977 1073 2027 germanus
1095 1962 1236 2009 stater
1258 1963 1457 2010 eandem

372 2027 479 2078 Post
502 2031 629 2078 ilium
653 2032 817 2080 tenuit,
849 2031 1069 2079 Heinrico
1089 2044 1204 2078 vero
1227 2028 1414 2093 reliquit

368 2094 577 2144 Fiandria
604 2113 741 2161 quem
768 2099 908 2146 misit:
941 2100 1029 2146 hos
1042 2106 1137 2145 dux
1157 2098 1206 2143 in
1226 2096 1329 2145 sede
1356 2095 1544 2144 locavit.

370 2161 477 2211 Post
500 2165 586 2212 hos
611 2165 903 2227 praepositum
936 2162 1317 2230 Sigebergensem
1340 2160 1677 2212 ‘thiedericum

371 2229 590 2279 Collocat
609 2234 653 2279 in
674 2232 828 2282 sedem
853 2232 1004 2282 Caesar
1017 2232 1238 2281 Fritheric
1260 2235 1352 2292 23)
1370 2228 1704 2282 Liubicenserm

371 2296 479 2345 Vita
504 2299 697 2348 decessit
718 2302 793 2347 ubi
816 2301 971 2364 praesui
997 2298 1163 2348 nobilis
1182 2298 1438 2349 Hartwich

370 2363 671 2414 Baldwinum
696 2369 785 2415 sedi
807 2368 957 2416 Caesar
980 2367 1095 2417 misit
1114 2367 1364 2422 dominari,

371 2431 468 2497 Q
493 2431 594 2496 post
618 2432 868 2482 subtraditis
897 2435 1019 2484 avita
1041 2434 1290 2501 morteque
1312 2444 1488 2501 raptus,

371 2499 539 2546 Sisrido
561 2499 713 2548 sedem
736 2503 900 2551 dimisit
921 2502 1241 2566 pontificalem

369 2565 465 2631 Q
488 2569 547 2613 de
572 2567 905 2635 Brandenburg
925 2571 1169 2620 translatus
1182 2568 1311 2620 sedet
1332 2570 1383 2618 in
1407 2566 1667 2630 Hamburg.

372 2632 512 2681 Tunc
532 2636 592 2681 de
615 2636 951 2703 Bruneschwig
970 2639 1069 2689 dux
1090 2637 1409 2688 famosissimus
1428 2634 1655 2688 Heianch

374 2699 597 2748 Culmine
631 2704 837 2761 privatus
861 2705 925 2754 est
946 2704 996 2756 δε
1014 2707 1193 2755 ditione
1215 2708 1423 2756 ducatus·

370 2767 574 2828 Suscepit
607 2771 818 2834 regimen
841 2774 1169 2823 Anahaldensis
1189 2774 1369 2823 Comes
1392 2771 1536 2828 idem,

370 2835 681 2888 Bernharduffi
708 2839 785 2886 cui
815 2854 1068 2903 germanus
1087 2840 1138 2891 δε
1155 2840 1230 2891 iile
1252 2840 1440 2890 Sifridus

373 2902 844 2971 Hammenburgensrs
858 2912 945 2973 24)
959 2909 1063 2974 fuit,
1092 2910 1311 2976 ottoque
1329 2900 1700 2957 Saitwidelensis·

1305 2978 1439 3037 8111

2149 192 2237 242 533

2158 2963 2252 3016 Sed
