2433 3401
164 222 262 285 632

1108 215 1278 291 Versus
1292 217 1467 282 antiqui

470 329 567 393 Qi
591 329 744 377 secum
766 329 984 387 sererent,
1014 327 1062 377 ὅ(
1088 327 1279 377 messem
1313 328 1692 391 multiplicarent.

467 399 556 446 Sed
580 412 703 462 pene
727 394 890 460 dijecta
910 401 992 458 18)
1016 398 1185 445 domus
1208 398 1324 452 haec,
1354 395 1410 444 fic
1435 394 1500 444 est
1523 410 1764 462 reparata:

470 466 602 530 Eppo
626 465 827 514 Prisensss
852 467 993 531 prlor,
1013 464 1060 514 ὅ(
1084 467 1153 513 vir
1178 463 1419 529 spiritualis

474 533 542 583 Ut
564 534 760 582 domino
784 536 916 584 vovit
938 533 1187 583 immobilis
1210 533 1302 597 iple
1325 530 1555 580 remansit.

472 600 773 652 Reimbertus
795 603 966 652 ‘rnanfit
997 602 1137 650 etiam
1161 615 1306 664 quem
1332 599 1538 648 Flandria
1559 598 1694 649 mifit.

473 669 616 719 Tunc
632 667 866 734 juvenum
887 685 1110 719 numeros
1132 668 1291 717 sentim
1317 667 1548 717 succrevit
1571 663 1794 716 adauctus

475 739 575 805 Qi
608 738 848 803 disciplinis
871 736 1072 786 instructi
1096 736 1366 802 relligionis,

475 807 814 872 Servantesque
836 806 995 854 locum
1027 816 1278 869 coeperunt
1302 803 1452 852 fistere
1475 799 1694 867 gressum.

478 874 586 923 Post
608 876 707 923 haze
731 875 948 922 fervente
972 872 1127 922 studio
1150 873 1329 938 pietatis
1359 871 1547 935 ubique,

478 942 776 1005 Praepofitum
802 941 1010 990 nostrum
1047 941 1120 991 seu
1144 939 1419 1007 pontificem
1447 935 1801 1002 VVagerorum

479 1012 534 1059 Et
548 1011 677 1058 labor
688 1009 933 1073 absumpsit
946 1009 1138 1062 multus,
1156 1010 1428 1074 leniumque
1452 1005 1684 1071 gravavit.

478 1079 697 1142 Corpore
721 1078 906 1132 defecit,
931 1081 1135 1143 graviter
1154 1077 1456 1142 langvelcere
1469 1074 1632 1140 coepit.

477 1147 529 1194 O
551 1162 691 1208 quam
712 1143 882 1208 judicia
905 1146 1039 1194 nobis
1064 1146 1223 1195 divina
1246 1143 1517 1194 tremenda!

478 1212 695 1263 Lectulus
721 1215 906 1279 excepit
927 1229 1071 1281 quem
1094 1214 1291 1263 morbus
1314 1212 1529 1278 pondere
1553 1207 1737 1274 presfit;

478 1282 661 1347 Lingva
684 1283 901 1347 privavit,
925 1282 1199 1348 languentia
1224 1281 1436 1330 membra
1457 1277 1666 1329 resolvit,

479 1352 786 1415 Detinuitque
803 1351 922 1399 duos
943 1347 1111 1414 junctis
1125 1350 1201 1398 sex
1222 1348 1449 1397 mensibus
1463 1360 1634 1400 annm,

482 1418 624 1467 Hunc
658 1433 834 1483 aegrum
852 1419 1018 1467 fratres
1042 1431 1240 1467 tenuere
1262 1412 1671 1471 monasterienle5‚

484 1486 697 1551 Suntque
722 1485 851 1535 velut
875 1487 993 1551 patri
1021 1486 1097 1534 fibi
1120 1483 1290 1534 dilecto
1312 1484 1535 1532 famulati.

485 1555 552 1602 Ut
572 1555 921 1602 consummatus
941 1553 1004 1599 est
1026 1553 1073 1598 ὅ(
1098 1553 1226 1598 velut
1248 1554 1358 1612 igne
1381 1553 1621 1611 probatus,

487 1621 568 1671 ille
591 1621 661 1669 vir
686 1620 897 1684 egregius
920 1617 985 1666 est
1009 1618 1200 1664 tandem
1225 1630 1366 1665 carne
1388 1614 1580 1667 lolutuS,

487 1689 679 1753 Spiritus
702 1698 928 1750 exceptus
943 1685 1117 1733 coelesti
1140 1684 1244 1732 sede
1268 1695 1509 1747 receptus,

491 1759 541 1805 ln
565 1756 724 1803 medio
744 1754 911 1802 meniis
936 1754 1013 1818 qui
1038 1753 1206 1801 dicitur
1230 1751 1319 1800 esse
1335 1751 1636 1799 Decembris:

491 1824 644 1872 Idibus
667 1819 873 1886 ejusd-em
898 1821 1057 1886 praesul
1079 1821 1352 1884 defungitur
1377 1821 1523 1872 idem,

491 1895 638 1943 Anno
658 1890 851 1940 milleno
872 1902 1079 1939 centeno
1102 1901 1174 1938 ter
1194 1889 1441 1940 duodeno,

492 1961 650 2012 Addas
669 1959 743 2008 his
763 1974 914 2007 annos
937 1960 1005 2007 bis
1026 1957 1376 2006 dinumerando
1397 1968 1639 2010 novenoS‚

493 2035 558 2078 At
576 2041 709 2093 patre
728 2026 1004 2076 transmissus
1026 2042 1086 2075 ex
1104 2041 1204 2091 quo
1228 2026 1353 2073 Deus
1374 2024 1437 2073 est
1462 2025 1613 2072 homo
1637 2017 1782 2069 faetus
1796 2035 1812 2067 ε

491 2095 824 2160 Hammaburg
835 2096 897 2155 19)
912 2096 1020 2144 sedit
1033 2088 1812 2158 tuncArchiepiscopusHartwicb,

494 2165 650 2213 Caelar
681 2163 729 2213 ὃς
753 2162 986 2229 Augustus
1008 2162 1381 2210 Romanus-erat
1404 2158 1697 2208 frithericus.

494 2234 605 2281 Dux
630 2245 729 2281 erat
751 2233 1017 2287 Heinricus‚
1053 2245 1214 2287 comes
1245 2227 1529 2276 Hollatensis
1559 2222 1780 2276 Adolfus,

494 2302 628 2350 Filius
653 2301 902 2349 AmmoniS
927 2299 1196 2348 Marcradus
1219 2310 1316 2345 erat
1339 2295 1546 2360 regionis

493 2367 759 2424 Praefe&us‚
781 2370 937 2434 patriae
960 2370 1163 2433 prudens
1187 2363 1415 2415 vexillifer
1437 2363 1544 2428 ipse.

496 2443 666 2488 Annus
689 2451 787 2485 erat
810 2438 998 2502 quintus
1020 2435 1154 2500 ipfius
1175 2430 1501 2497 pontificatus²

503 2508 599 2573 Qui
627 2505 783 2570 praesul
806 2503 953 2554 dictus
976 2503 1040 2552 est
1061 2499 1516 2566 Antiquipolitanus‚

501 2574 702 2622 Ecclefiae
726 2574 900 2639 primus
923 2572 1076 2637 pastor
1098 2569 1262 2619 nostrae
1290 2568 1548 2623 Vicelinus,

505 2629 658 2705 Cujus
691 2643 780 2703 20)
813 2640 861 2691 ὅ(
884 2642 1114 2690 adventus
1136 2637 1223 2687 fuit
1245 2637 1321 2686 hic
1341 2635 1597 2685 tricesimus
1618 2647 1785 2687 annus,

506 2711 694 2773 Corpus
717 2709 762 2757 in
785 2708 978 2758 Ecclefia
1002 2708 1204 2774 positum
1227 2720 1385 2754 coram
1409 2702 1556 2753 crucis
1570 2715 1649 2749 ara

504 2777 682 2824 fratres
705 2777 905 2826 Ecclefiae
923 2778 1071 2843 digno
1093 2785 1382 2824 venerantur
1406 2775 1617 2831 honore3

511 2846 566 2892 Et
589 2842 741 2907 plures
761 2846 902 2894 hodie
925 2846 1168 2894 venientes
1192 2838 1397 2890 officiose

510 2912 638 2958 Vota
660 2924 840 2960 vovent
861 2914 1078 2966 domino,
1101 2910 1306 2959 reddunt
1328 2910 1401 2957 sua
1423 2917 1536 2958 vota
1560 2902 1756 2970 sepulto.

510 2981 644 3043 Eppo
668 2979 928 3044 praepositus
950 2982 1075 3029 hunc
1097 2978 1159 3028 est
1181 2978 1355 3027 virtute
1377 2977 1572 3026 secutus,

504 3048 641 3098 Cum
674 3047 840 3113 populi
861 3063 972 3098 cura
994 3060 1244 3097 remanens
1269 3045 1314 3094 in
1339 3043 1651 3113 praepositura,

376 3194 397 3247 (
408 3198 450 3243 18
476 3193 635 3243 disiecia.
730 3192 804 3246 19)
836 3189 1133 3243 Hammamburg.
1224 3185 1299 3241 20)
1335 3190 1427 3237 Eine.

2217 3167 2232 3180 .
2311 3096 2389 3150 Iste
2423 3091 2426 3096 ’
