2498 3401
131 261 149 294 1
170 244 287 306 Cap.
304 238 653 314 smeiteffieilage·
987 239 1286 304 hesebriebm
1314 251 1420 296 υοη
1453 240 1721 293 Gualdone.

60 328 201 343 ‘un-o·

779 353 918 407 CM».
951 355 1271 408 Lxxxxvl.

573 434 762 496 Flagitio
775 436 918 498 populi
937 450 1081 483 moeret
1101 452 1218 482 mens
1239 438 1382 498 deficgt
1402 436 1478 482 iai.

358 507 749 568 Nordalbingorum
772 507 946 555 facinus
971 522 1078 556 reor
1099 508 1186 557 esse
1205 510 1488 560 notandum,

360 578 538 641 Qove
559 575 705 633 modo
728 574 881 638 praesul
901 576 1079 623 crimen
1103 577 1355 623 correxerit
1381 574 1506 623 illud..

362 642 552 706 Captivi
577 643 765 706 quidam
788 642 847 688 de
872 642 998 689 terris
1021 641 1416 698 Christicolarum,

236 725 279 770 5.
354 710 479 759 Cum
499 707 787 757 devenissent
804 709 860 756 ad
888 709 1072 756 barbara
1093 710 1271 772 Regna,
1293 709 1525 756 malorum

361 777 652 826 Ponderibus
672 773 798 823 fratsti
825 776 1148 843 properabant
1159 777 1269 824 inde
1282 778 1468 826 reverti.

360 845 450 893 Sed
474 842 584 893 nihil
605 841 866 891 horrisonas
888 843 1061 890 miseris
1082 836 1253 907 rupisse
1273 845 1490 891 cathenas
1521 846 1578 904 2)

362 911 602 964 Proderat‚
624 920 704 958 aut
724 910 854 958 oneri
885 907 1003 973 pede
1033 910 1300 959 consuluisse
1312 911 1483 976 fugaci,

365 979 760 1038 Nordalbingorum
784 977 1005 1042 quoniam
1025 991 1143 1043 gens
1168 979 1292 1026 forte
1315 977 1547 1034 locorum,

237 1061 312 1096 10.
359 1044 574 1094 Proxima
595 1044 801 1107 PaganiS,
820 1044 1044 1107 profugos
1070 1044 1387 1108 constringere
1418 1044 1597 1101 vincliS‚

365 1112 490 1160 Cum
514 1111 693 1159 coleret
721 1112 772 1170 3)
791 1109 1047 1164 Christum,
1071 1110 1264 1175 Paganis
1284 1112 1489 1161 vendere
1510 1110 1710 1162 rursumss

363 1178 589 1226 Vendere
611 1174 895 1224 Christicolis
919 1177 1210 1239 emptoribus
1239 1179 1490 1242 impietatis

357 1244 482 1294 Proh
503 1243 641 1292 dolor
660 1243 878 1309 audebat,
898 1242 970 1291 vel
991 1241 1222 1292 eosdem
1202 1259 1308 1307 Jure
1332 1247 1524 1294 tenebat

361 1311 544 1362 Servitii
567 1310 769 1375 lugubre
790 1310 931 1358 nefas.
995 1310 1141 1376 Quod
1163 1322 1214 1360 ut
1232 1311 1385 1376 attigit
1407 1327 1545 1363 aures

237 1393 312 1443 15.
363 1378 584 1434 Faesulis,
606 1376 807 1427 indoluit
831 1391 935 1426 rem
967 1378 1242 1428 commisisse
1263 1378 1426 1429 fideles

361 1446 569 1496 Illicitam
593 1444 807 1511 populos,
832 1444 941 1494 esset
962 1446 1128 1510 quibus
1150 1447 1243 1512 ipse
1266 1448 1491 1497 sacerdos.

361 1515 451 1564 Sed
475 1529 582 1563 cum
608 1513 853 1579 participes
873 1513 1055 1562 sceleris
1077 1515 1177 1563 fore
1198 1515 1462 1571 nobiliores?

360 1581 569 1632 Audiffet
590 1580 768 1646 populi,
788 1580 958 1630 vulnus
980 1582 1178 1631 reserare
1205 1583 1387 1633 volenti

362 1649 621 1702 Consilium
642 1663 732 1714 pro
753 1647 796 1696 se
822 1650 987 1711 1)n0n
1007 1647 1258 1700 sufficiebat
1283 1651 1407 1717 apud
1428 1651 1489 1701 se.

768 1731 904 1782 CAP.
942 1733 1298 1789 LXXXXV11.'

478 1815 755 1877 Prosequitur
778 1816 1005 1860 Dominum
1033 1830 1105 1859 cor
1125 1815 1240 1860 tollit
1252 1815 1400 1874 gloria
1418 1817 1580 1863 rerum-¹

368 1885 493 1935 Cum
513 1885 645 1949 super
664 1887 759 1933 hoc
784 1885 923 1950 igitur
943 1882 1084 1932 flurstu
1105 1891 1376 1949 quateretur
1397 1883 1446 1934 <Sc
1472 1885 1581 1935 aestu

366 1952 619 2005 Curarum,
633 1951 813 1999 solitam
833 1953 1002 1999 meruit
1020 1951 1243 2000 solaminis
1264 1967 1440 2005 auram.

365 2018 470 2067 Alta
496 2019 624 2082 quies
647 2018 795 2066 noetis
812 2016 929 2066 feffis
950 2017 1105 2066 diffusa
1127 2018 1338 2067 medullis

235 2100 278 2146 ς.
362 2085 598 2134 Obruerat
618 2098 804 2148 corpus,
827 2084 900 2131 sed
924 2100 1007 2132 cor
1033 2097 1240 2133 erexerat
1265 2085 1409 2143 inrue„

362 2152 491 2200 Viso
512 2149 744 2229 processit,
768 2166 869 2216 quae
894 2152 1060 2200 mentis
1082 2151 1239 2200 nubila
1262 2151 1399 2203 tersit.

353 2219 522 2267 'Vidit'
508 2234 555 2267 m
579 2220 674 2267 hoc
691 2220 782 2267 fuit
802 2226 857 2267 ut
877 2221 1119 2284 quondam
1144 2220 1268 2268 Deus
1289 2221 1404 2268 orbe
1425 2219 1553 2285 quod
1574 2218 1706 2278 esset,

353 2285 479 2334 Cum
505 2287 683 2351 populis
705 2286 993 2336 documenta
1003 2287 1144 2341 dedit,
1157 2287 1363 2352 viditque
1380 2289 1508 2352 quod
1529 2287 1641 2338 esset

358 2352 637 2402 SanEtorum
661 2344 805 2402 multa
836 2354 1220 2404 citcumvallante
1244 2363 1450 2413 caterva,

229 2435 305 2470 ιο.
354 2422 574 2487 Qorum
597 2423 641 2469 se
662 2422 885 2470 comitem
910 2421 1151 2487 progressu
1175 2423 1281 2471 sens
1287 2430 1306 2471 t
1324 2424 1500 2473 eodem

352 2488 584 2541 Exultare,
610 2488 686 2536 fibi
708 2491 931 2554 quoniam
955 2490 1069 2538 nihil
1100 2490 1188 2538 esse
1213 2491 1340 2540 mole
1344 2489 1412 2548 sti,

354 2555 536 2604 Tantus
563 2568 660 2603 erat
683 2558 1041 2606 terror‘tumidis
1061 2556 1210 2606 illatus
1233 2556 1281 2607 &
1304 2560 1488 2613 horror.

355 2624 557 2672 Coelitus
577 2635 622 2671 at
645 2622 740 2671 fieri
764 2624 891 2673 nullo
911 2625 1110 2690 spirante
1127 2627 1284 2684 reniti,

357 2689 568 2741 Libertas
594 2691 756 2756 captis,
777 2699 932 2756 optata
951 2694 1215 2758 redemptio
1238 2688 1422 2743 vinffls.

711 2828 716 2834 ,
766 2775 808 2824 C
822 2790 851 2824 Α
863 2791 900 2824 P.
937 2777 1278 2827 Lxxxxux.

476 2860 718 2923 Corrigitur
733 2859 920 2919 facinus,
938 2862 1109 2922 rapitur
1133 2862 1184 2908 de
1206 2875 1378 2906 carcere
1399 2858 1584 2907 vinnai?

362 2931 474 2982 Haec
498 2934 634 2998 patris
655 2935 704 2983 in
730 2932 943 2980 Domino
969 2930 1172 2984 firmavit
1210 2932 1323 2985 visio
1345 2943 1583 2990 mentem,

689 3069 905 3115 Lefflones
922 3069 1147 3117 variantes
1167 3087 1223 3117 ex
1234 3070 1348 3120 Aah
1361 3067 1624 3118 sanblomm,

115 3131 155 3181 2)
189 3144 339 3175 catenas,
394 3136 435 3188 3)
475 3136 644 3179 colerent.
712 3136 749 3190 1)
779 3149 828 3179 xe.
1479 3159 1481 3161 ¹

2154 253 2242 303 191

2155 2997 2251 3046 Iret
