2498 3401
156 176 175 209 1
191 161 306 222 Cap.
322 155 634 222 erste'gffieilasse
886 156 1188 240 besebrt'ebm
1209 169 1314 213 von
1333 162 1374 207 S.
1387 160 1664 217 Remberto.
1870 199 1872 201 -
2172 187 2264 234 127

79 275 176 325 &us
187 277 436 336 Reginarius
453 272 638 335 quando
652 271 762 319 cella
779 272 867 335 ipsa
897 271 977 332 [l]
1015 271 1120 316 data
1132 270 1193 317 est
1209 300 1221 321 ‚
1255 271 1362 316 inde
1383 273 1587 324 abstulit,
1610 276 1724 323 &ad
1739 280 2111 341 suumservitium
2130 283 2258 330 misit.

77 358 165 408 qua
180 344 238 390 de
251 340 378 391 causa
391 354 497 386 cum
522 339 715 385 nimium
738 339 849 386 esset
865 338 1093 385 Dominus
1126 341 1176 396 8)
1210 338 1461 401 Episcopus
1481 342 1714 401 anxiatus,
1735 347 1833 406 post
1855 348 2089 409 paululum
2111 352 2258 400 visum

77 410 140 458 est
153 409 235 464 illi,
258 407 386 472 quod
401 404 651 453 veniffetin
665 407 897 469 quandam
912 407 1135 460 domum,
1158 404 1493 467 invenissetque
1514 407 1576 453 ibi
1600 406 1647 453 ὅ(
1671 416 1986 461 venerandum
2011 421 2162 475 Regem
2180 421 2257 462 Ca-

52 473 270 523 ¹rolum&
291 474 437 537 ipsum
452 474 758 531 Reginarium‚
784 487 901 536 quos
923 471 1041 534 ipse,
1065 477 1115 517 ut
1138 472 1179 518 ei
1206 472 1446 519 videbatur
1471 474 1701 520 deiisdem
1719 480 1864 537 pueris
1880 481 2256 543 increpavitasse-

34 546 41 550 '
71 557 177 591 rens
201 542 329 606 quod
352 554 433 586 eos
455 541 510 585 ad
526 539 608 586 Dei
629 539 964 602 omnipotentis
992 538 1225 586 servitium
1240 539 1415 585 nutrire
1430 539 1724 602 disposuerit,
1753 557 1845 590 non
1859 551 2144 607 utReginario
2165 549 2254 598 ser'·

36 644 39 648 ,
71 610 240 659 virent.
309 609 422 672 Qo
444 603 567 652 dieto
590 607 737 655 visum
761 605 825 653 est
846 608 884 653 ei
909 607 1033 668 quod
1056 607 1178 652 idem
1194 609 1445 666 Reginarius
1466 605 1624 655 levato
1642 610 1762 671 pede
1776 608 1856 656 suo
1871 613 1926 656 ad
1940 615 2256 667 oscalcitraret

70 674 262 724 Domini
287 677 339 736 9)
364 671 587 736 Episcopi.
655 673 866 737 Denique
900 673 994 719 hoc
1016 671 1139 720 faflo
1164 688 1277 719 mox
1299 673 1443 720 visum
1470 672 1597 721 estei
1623 677 1748 737 quod
1772 676 1901 739 JEsus
1919 677 2126 729 Christus
2151 700 2256 746 pro-

68 750 172 806 pter
185 757 294 789 eum
307 740 487 793 astaret,
508 740 775 804 diceretque
786 740 905 803 Regi
919 740 1109 803 praefato
1122 738 1349 803 pariter&
1363 743 1603 801 Reginario.
1630 742 1744 794 Cur,
1766 745 1846 801 io)
1859 747 2017 806 inquit,
2033 748 2155 796 hunc
2172 766 2187 796 1
2205 755 2255 808 1)

66 809 311 857 hominem
325 805 411 857 Vos
424 819 517 854 tam
531 806 725 870 turpiter
737 797 1214 860 dehonestatisfsciote
1228 807 1330 871 quia
1345 807 1436 871 ipse
1450 808 1704 856 Dominum
1730 810 1893 868 habet,
1916 811 1965 859 <Sc
1987 827 2070 860 vos
2092 816 2149 862 de
2169 817 2256 865 hac

65 875 197 925 causa
211 891 306 924 non
319 871 746 924 eritisimmulEtati.
814 875 927 938 Qo
940 872 1155 935 diE'toipfi
1169 874 1368 921 exterriti
1383 873 1503 928 fafib
1526 877 1790 923 conturbati
1805 878 1927 925 sunt:
1943 880 2173 928 Dominus
2201 886 2253 941 8)

67 958 183 993 vero
194 942 439 1007 Episcopus
451 940 709 1003 evigilavit,
739 940 932 1004 quodilli
947 940 1203 993 ostensum,
1229 941 1333 1004 quia
1355 956 1522 989 verum
1549 943 1712 999 fuerit,
1737 943 1926 992 testatur
1946 946 2061 993 ultio
2082 949 2253 1010 divina,

65 1024 166 1074 quae
177 1008 462 1073 superipsum
478 1008 608 1056 venit
622 1007 936 1071 Reginarium.
1005 1009 1131 1056 Nam
1152 1023 1249 1055 non
1275 1007 1423 1055 multo
1445 1009 1543 1072 post
1557 1011 1672 1058 iram
1686 1012 1822 1074 Regis
1844 1014 2074 1062 meruit&
2088 1015 2252 1065 cellam

63 1077 204 1140 ipsam
226 1090 317 1122 una
331 1090 438 1122 cum
452 1074 703 1132 omnibus,
720 1088 822 1139 quae
843 1088 903 1123 ex
922 1085 1052 1138 parte
1062 1074 1202 1139 Regis
1216 1075 1416 1125 habebat
1426 1077 1758 1140 perdidit‚nec
1781 1078 1969 1129 ulterius
1987 1082 2033 1130 in
2055 1083 2252 1147 gratiam

61 1141 301 1208 pristinam
315 1140 464 1189 redire
474 1140 644 1203 potuit·

177 1331 183 1334 K
223 1278 345 1322 CAP.
356 1278 506 1320 XXXI.
538 1272 716 1322 Verum
730 1273 790 1322 de
803 1271 1015 1322 Pastorali
1028 1268 1126 1336 ejus
1137 1274 1283 1338 gratia
1295 1273 1439 1339 qualis
1453 1285 1743 1342 quantusque
1757 1280 1976 1342 extiterit,
1989 1283 2251 1347 praeteriisse

20 1355 22 1358 ·
60 1355 122 1391 ne
132 1340 398 1395 videamur,
422 1339 444 1368 *
469 1341 516 1388 in
537 1339 617 1390 illo
637 1348 767 1390 certe
788 1342 1089 1405 probavimus
1111 1357 1251 1405 quam
1273 1357 1439 1390 verum
1455 1344 1530 1398 fit,
1555 1348 1682 1408 quod
1696 1348 1856 1395 beatus
1869 1347 2128 1413 Gregorius
2142 1353 2187 1401 in
2200 1352 2250 1401 fi-

57 1424 171 1474 gura
183 1408 422 1458 Pastorum
442 1407 521 1471 qui
544 1408 590 1456 in
603 1409 845 1457 nativitate
856 1409 1047 1456 Domini
1068 1408 1201 1472 super
1219 1425 1411 1474 gregem
1423 1411 1552 1459 suum
1567 1412 1816 1476 vigilabant
1826 1416 1883 1463 de
1896 1415 2151 1466 Pastoribus
2166 1421 2250 1468 Ec·

57 1475 197 1524 clesiae
209 1477 321 1524 dixit
343 1493 356 1522 ε
393 1476 521 1542 Qid
534 1475 596 1524 est
610 1476 762 1540 inquit
775 1478 871 1524 hoc
883 1477 1011 1540 quod
1024 1475 1319 1540 vigilantibus
1333 1477 1590 1541 pastoribus
1603 1479 1792 1544 angelus
1805 1485 2020 1547 apparuit
2031 1514 2045 1538 ,
2072 1501 2249 1550 eosque

6 1585 9 1589 .
57 1543 143 1591 Dei
157 1544 353 1591 charitas
366 1542 577 1590 consulsit
587 1576 602 1600 ‚
625 1544 703 1591 nifi
716 1546 842 1607 quod
853 1542 911 1591 illi
926 1545 1203 1607 praecaeteris
1217 1545 1375 1593 videre
1390 1545 1589 1594 sublimia
1601 1557 1895 1597 mererentur
1908 1583 1921 1607 ,
1937 1553 2015 1615 qui
2035 1546 2250 1602 fidelibus

54 1611 272 1674 gregibus
296 1609 478 1674 praeeffe
500 1609 688 1659 sollicite
701 1612 872 1666 sciunt,
893 1611 1103 1674 dumque
1126 1611 1203 1675 ipsi
1227 1613 1299 1673 pie
1321 1612 1451 1675 super
1466 1629 1659 1677 gregem
1677 1617 1867 1679 vigilant
1887 1634 1902 1678 3
1935 1618 2090 1668 divina
2113 1622 2249 1684 super

55 1692 136 1724 eos
148 1679 289 1740 gratia
301 1677 485 1740 largitus
498 1678 720 1726 coruscat.
788 1680 839 1726 ln
862 1679 992 1725 omni
1014 1679 1136 1725 enim
1163 1677 1346 1726 afflone
1366 1679 1479 1727 illius
1497 1683 1690 1745 gratiam
1707 1685 1790 1731 Dei
1804 1699 1913 1733 cum
1926 1701 1984 1733 eo
1994 1688 2248 1743 comitasse,

55 1743 208 1794 multis
223 1745 551 1806 experimentis
567 1745 882 1805 probavimus.
954 1745 1078 1791 Nam
1100 1746 1227 1807 quod
1251 1746 1342 1807 ipse
1365 1746 1497 1810 super
1518 1751 1669 1811 gregis
1684 1750 1745 1796 sui
1761 1751 2246 1804 custodiamsollicitus

55 1810 201 1857 multa
219 1808 422 1855 sublimia
434 1809 592 1856 videre
611 1811 897 1872 promeruit5
923 1807 970 1855 ὅ(
991 1810 1040 1855 in
1064 1818 1226 1857 mente
1249 1812 1466 1859 dlvinitus
1480 1814 1670 1874 superna
1682 1816 1970 1879 frequentius
1986 1820 2244 1870 visitatione

54 1876 290 1937 inspiratus
305 1875 377 1927 sit,
414 1875 614 1937 superius
631 1872 794 1937 jamin
816 1875 972 1930 multis
998 1878 1394 1940 comprehensum
1421 1878 1720 1932 ostendimus.
1789 1883 2148 1947 Deniqueetiam
2162 1904 2242 1937 ex-

1 1940 4 1954 ⁵
52 1943 196 1990 terius
207 1942 349 2005 gratia
366 1942 450 1988 Dei
472 1942 519 1987 in
533 1956 591 1988 eo
605 1941 771 2004 largius
792 1941 1115 1996 corruscante,
1138 1944 1289 1992 sermo
1311 1959 1498 2008 quoque
1509 1948 1842 2009 praedicationis
1856 1950 1969 1999 illius
1983 1954 2127 2003 multa
2141 1955 2242 2005 sva-

51 2012 192 2058 vitate
204 2007 414 2071 profusus
428 2036 442 2059 ,
470 2007 637 2068 partim
659 2020 759 2054 erat
777 2008 1029 2062 horribilis,
1057 2022 1109 2056 ut
1129 2022 1261 2057 certo
1293 2012 1571 2071 probaretur
1590 2015 1760 2061 indicio
1780 2016 2002 2067 infusione
2025 2020 2241 2085 spirituali

52 2077 189 2125 verba
202 2072 298 2136 ejus
313 2074 573 2130 moderari,
594 2088 688 2138 quo
701 2075 896 2122 miscens
920 2076 1173 2122 terroribus
1194 2076 1511 2126 blandimenta
1536 2081 1632 2127 vim
1655 2081 1797 2129 divini
1813 2080 1911 2144 jam
1933 2089 2241 2148 praetenderet

51 2143 234 2207 Judicii‚
260 2142 305 2188 in
330 2156 424 2204 quo
440 2142 633 2189 veniens
648 2143 881 2189 Dominus
908 2139 955 2188 &
977 2143 1185 2190 terribilis
1210 2148 1532 2206 peccatoribus
1554 2146 1600 2195 ὅ(
1623 2147 1819 2197 blandus
1843 2155 2079 2215 apparebit
2093 2153 2238 2218 justis.

50 2210 150 2258 Hac
165 2209 336 2273 quippe
351 2208 498 2271 gratia
510 2209 554 2256 in
566 2210 716 2255 verbis
732 2223 919 2272 quoque
934 2210 1127 2272 propriis
1168 2211 1213 2268 ι)
1246 2210 1294 2258 ὅ(
1317 2212 1446 2259 vultu
1463 2215 1754 2263 admirandus
1768 2225 1884 2274 erat,
1897 2219 1958 2267 ita
1974 2228 2025 2267 ut
2037 2236 2144 2270 eum
2157 2239 2240 2286 po·

51 2284 198 2330 tentes
213 2273 260 2323 ὅ(
275 2276 438 2321 divites
450 2307 463 2329 ‚
487 2276 688 2322 maxime
702 2287 858 2323 tamen
874 2283 1179 2324 contumaces
1193 2276 1239 2324 ὅ(
1255 2282 1487 2340 protervi,
1512 2282 1762 2331 terribilem
1774 2287 2094 2343 attenderent,
2138 2306 2238 2340 me-

51 2345 228 2392 diocres
245 2357 357 2389 vero
369 2341 491 2406 quali
526 2348 578 2400 2)
616 2354 793 2405 patrem
820 2341 1016 2406 piissimo
1041 2358 1375 2393 venerarentur
1397 2345 1576 2395 affeciu.
1643 2348 1792 2398 Porro
1818 2351 1927 2400 licet
1947 2354 2068 2418 signa
2091 2358 2239 2406 virtu·

50 2422 150 2462 tum
163 2410 293 2462 velut
314 2408 621 2458 instrumenta
635 2405 863 2471 jae‘tantiae
886 2411 1020 2459 caute
1041 2411 1246 2475 fugeret,
1279 2419 1438 2462 tamen
1461 2430 1519 2463 eo
1541 2430 1636 2464 non
1657 2431 1918 2481 quaerente,
1949 2419 1997 2470 ἃ
2021 2422 2125 2473 haec
2143 2425 2237 2489 ipsa

2132 2507 2234 2542 non

671 2545 884 2591 Lebiiones
903 2547 1130 2591 variantes
1150 2564 1204 2592 ex
1217 2549 1328 2593 Allis
1343 2550 1603 2602 SanHorum.

108 2625 152 2679 3)
183 2625 352 2664 Domnus
482 2624 531 2676 9)
564 2627 704 2663 Domui
834 2628 902 2671 10)
935 2629 1048 2672 Cujus
1175 2629 1232 2680 ιι)
1266 2630 1323 2668 hic
1445 2631 1482 2682 ι)
1515 2629 1805 2688 desunt,qu0que
1819 2636 1975 2690 propriis
2084 2639 2131 2692 2)
2163 2638 2235 2682 fra-

206 2679 642 2733 tremcomplecteremur,
659 2693 830 2734 pauperes
850 2693 967 2720 autem
979 2681 1092 2734 quast.
1710 2697 1732 2704 ·’

265 2822 267 2824 ¹
722 2767 861 2810 LeHio
899 2769 1073 2812 varians
1099 2767 1125 2812 ἆ
1155 2767 1375 2813 Lambect‘o
1408 2784 1575 2819 notata.

108 2844 129 2870 *
156 2844 288 2885 omnia
300 2845 371 2885 haec
383 2846 419 2885 in
430 2846 514 2889 col.
527 2845 612 2898 epit.
625 2844 750 2886 desunt
762 2859 874 2899 usque
884 2847 927 2885 ad
939 2846 1064 2888 verba:
1093 2852 1189 2887 Nam
1205 2848 1304 2900 quod
1315 2848 1386 2902 ipse
1405 2855 1473 2896 ἃς.

840 2938 1069 2982 Annomtio
1092 2944 1141 2983 G.
1164 2937 1427 2998 Henschenii.

109 3012 175 3066 [l]
207 3016 304 3054 Circa
313 3027 370 3058 an.
382 3019 405 3064 8
415 3025 484 3070 44,
495 3015 538 3055 cle
549 3016 743 3070 Reginario
754 3014 852 3068 supra
865 3017 1016 3068 egimus.
