2498 3401
257 219 349 266 192

416 810 491 845 10·

411 1146 489 1194 15'0

469 1230 509 1268 ἐν

403 1880 446 1927 5·

406 2218 482 2257 100

271 3088 326 3142 2)
356 3085 572 3134 scrutantur.
627 3084 671 3140 3)
696 3085 766 3136 jus,
832 3084 871 3140 ι)
901 3086 1115 3139 cap.xvu‚
1129 3083 1302 3130 Morbus,
1314 3082 1661 3140 obitus,sepultura.
1718 3083 1767 3138 2)
1800 3086 1862 3126 Aa,

1036 196 1093 249 ιι.
1123 160 1299 246 vitas,
1317 198 1580 258 Anscharii,

544 317 640 365 Iret
660 328 715 363 ut
736 324 954 378 ereptum
977 313 1183 368 miserm,
1204 315 1505 376 compescere
1524 318 1711 365 sontem

547 385 740 449 Flagitio
764 384 1011 450 populum,
1037 381 1215 430 facinus
1232 381 1458 432 damnare
1482 385 1756 442 nefandum.

550 454 705 502 Movit
721 454 808 501 iter
828 452 1055 517 petiitque
1078 450 1223 500 viros,
1250 450 1326 496 ubi
1346 452 1493 512 gratia
1514 452 1686 501 Christi
1826 453 1830 455 ’

543 523 617 571 Sic
638 521 865 587 praevenit
886 535 1016 576 eum,
1033 517 1158 581 quod
1182 530 1329 564 nemo
1349 517 1572 566 resisteret
1591 517 1672 569 illi.

545 591 596 638 In
619 589 777 653 primis
799 589 965 652 opibus
986 598 1087 634 tum
1111 583 1357 633 nobilitate
1379 579 1631 648 potente&

544 658 776 706 Poenituit
797 655 952 706 fecisse
972 653 1166 707 malum,
1189 652 1389 701 timuere
1413 654 1637 704 minores,

544 726 871 791 Compedibus
890 722 1040 773 vineti
1061 720 1206 786 vulgo
1227 719 1499 779 scrutamur,
1522 723 1576 784 2)
1600 720 1648 771 ὃς
1669 726 1784 770 ante

544 793 764 844 Produffl
786 791 968 842 malunt
984 792 1250 853 ubicunque
1273 790 1646 839 sinunturabire.

545 860 738 910 Paetum
762 860 1050 910 constituunt
1073 855 1254 905 nullum
1271 854 1479 920 jurando
1498 858 1618 906 tueri

539 930 823 995 Oppositum
846 929 1039 983 crimen,
1064 924 1144 974 sed
1166 926 1232 975 vis
1257 926 1542 987 nexamine
1564 923 1738 975 Christi

543 999 679 1052 Hanc
703 1000 823 1045 adeo
848 1008 978 1062 pater
1002 1008 1120 1057 ergo
1141 994 1264 1043 viam
1285 993 1482 1043 feliciter
1504 994 1621 1057 egit,

538 1065 656 1117 Effer
679 1079 729 1114 ut
750 1065 938 1117 indicio,
963 1063 1224 1111 Dominum
1246 1060 1573 1127 feciffefquod
1602 1061 1760 1128 inquit
1781 1077 1797 1108 z

536 1136 602 1185 En
623 1151 715 1201 ego
736 1134 979 1184 vobiscum
1001 1132 1097 1180 sum
1121 1130 1349 1194 temporis
1373 1145 1518 1178 omne
1537 1144 1812 1195 per‘aevum.

510 1233 515 1257 ς
535 1204 688 1253 Porro
716 1204 800 1252 v1ae
822 1201 1038 1255 comita,
1059 1196 1230 1247 alacres
1250 1211 1308 1245 ex
1328 1196 1653 1260 prosperitate,

536 1273 590 1320 ln
619 1280 716 1320 tam
742 1271 864 1320 felici
887 1268 932 1317 se
955 1280 1196 1331 nunquam
1229 1263 1346 1313 calle
1362 1262 1495 1313 fuiffe

536 1340 801 1395 Afferuere,
826 1336 980 1403 palam
1001 1334 1213 1383 dicentes
1236 1353 1248 1381 ε
1283 1347 1402 1397 ergo
1434 1333 1665 1391 videmuS,

535 1409 682 1475 Qod
703 1408 938 1457 Dominus
960 1403 1073 1455 vere
1095 1399 1274 1451 nostros
1295 1401 1515 1452 direxerit
1531 1399 1678 1451 aestus·

959 1495 1005 1547 C
1017 1511 1047 1545 A
1057 1511 1094 1545 P.
1119 1494 1442 1545 LXXXXIX.

735 1580 853 1629 Exul
869 1579 919 1627 ὅ
940 1579 1076 1639 affinis
1099 1579 1208 1623 tulit
1225 1592 1333 1639 aeger
1360 1576 1472 1622 dona
1490 1576 1664 1637 saluta-0

532 1658 703 1708 Dicere
719 1672 866 1705 nemo
889 1655 1031 1709 valet,
1054 1657 1260 1716 quantos
1285 1651 1468 1699 orando
1490 1650 1619 1698 saluti

529 1727 770 1782 Reddidit,
787 1739 907 1788 aegra
928 1723 1101 1774 fovens
1121 1722 1201 1765 olei
1221 1714 1539 1768 medicamine
1554 1720 1674 1779 sacri

528 1795 760 1851 Membra,
785 1794 913 1859 quod
933 1788 1114 1855 experti
1136 1783 1296 1853 paffim
1320 1787 1560 1852 vulgando
1583 1786 1839 1847 celebrem,
1910 1832 1913 1834 .

523 1866 573 1912 ln
602 1865 774 1925 virtute
801 1861 954 1910 virum
978 1872 1152 1907 terram
1175 1856 1336 1915 secere,
1349 1869 1436 1922 per
1457 1870 1667 1904 omnem.

530 1933 646 1980 Non
669 1931 814 1979 modo
837 1926 1061 1976 finitimos
1087 1925 1360 1989 longinquis
1382 1938 1544 1973 rumor
1567 1925 1625 1972 ab
1647 1924 1757 1978 oris.

529 2000 741 2049 Svaserat
762 1997 975 2046 infirmos
997 1997 1055 2042 ad
1084 1994 1209 2041 dona
1233 1995 1394 2042 venire
1415 1991 1583 2044 salutis,
1699 1994 1704 1995 ⁷

524 2065 784 2117 Occultare
807 2072 967 2113 tamen
987 2076 1125 2124 quam
1152 2060 1396 2123 divulgare
1416 2059 1685 2113 volentem,

534 2135 697 2183 Gratia
721 2143 897 2196 quanta
918 2131 1040 2179 foret
1060 2129 1107 2176 in
1131 2128 1306 2177 virtute
1328 2125 1552 2176 medenti.

534 2203 642 2252 Hoc
664 2203 742 2250 uni
757 2200 924 2250 dlxiffe
944 2200 1102 2247 ferunt
1122 2195 1373 2261 aliquando
1397 2195 1607 2249 suorum,

532 2272 657 2320 Cum
680 2269 812 2318 fieret
833 2282 993 2317 coram
1016 2265 1057 2313 se
1083 2265 1262 2313 mentio
1283 2263 1607 2328 prodigiorum
1632 2275 1648 2305 x

527 2341 689 2403 Quem
715 2338 840 2387 Deus
863 2335 1057 2387 audiret,
1079 2333 1107 2381 fi
1130 2333 1290 2382 scirem
1320 2332 1522 2378 mesore
1541 2325 1758 2392 dignum,

532 2409 635 2473 Jam
667 2416 879 2471 peterem
898 2403 1030 2457 mihi,
1052 2399 1194 2450 vellet
1216 2399 1282 2447 uti
1303 2400 1570 2447 concedere
1592 2396 1790 2459 lignum,

536 2475 603 2525 Ut
622 2475 800 2541 faceret
821 2474 882 2523 de
903 2486 982 2525 me
1006 2483 1104 2538 quo
1127 2467 1311 2536 possem
1336 2467 1407 2520 vir
1433 2469 1588 2516 bonus
1610 2461 1715 2515 effe.

1050 2568 1184 2619 Ciu».
1217 2567 1280 2623 C.
1314 2569 1362 2628 1)

567 2660 656 2706 Piis
675 2661 730 2721 2)
742 2657 935 2721 formido
964 2657 1112 2705 virum
1132 2655 1253 2714 tot-fit
1265 2653 1335 2711 jus
1362 2653 1414 2714 3)
1441 2650 1592 2712 lingua
1613 2649 1841 2705 malorum.

526 2733 618 2782 Sed
644 2741 802 2783 tamen
824 2732 939 2783 illius
960 2729 1113 2780 morbi
1142 2726 1364 2778 violentia
1390 2740 1565 2791 corpus

528 2801 763 2866 urgebat,
787 2801 919 2858 fortis
935 2814 1049 2849 cum
1073 2798 1130 2847 fic
1149 2798 1194 2845 in
1219 2795 1394 2845 robore
1415 2795 1587 2845 mentis

528 2868 668 2924 Esset,
694 2870 787 2920 vita
806 2867 1001 2934 quidem
1026 2866 1127 2915 fere
1149 2862 1338 2932 pertulit
1360 2867 1517 2916 omnis
1538 2862 1749 2931 agonem

848 3001 1083 3051 Variantes
1113 3001 1308 3049 lefliones
1337 3017 1393 3048 ex
1410 3002 1527 3050 Aac}
1547 3002 1813 3050 SanHoruma

1923 3081 1965 3139 3>
1994 3080 2064 3128 vis,

2155 211 2185 246 2
2196 195 2379 247 Period.

2239 2948 2279 2999 5·
2309 2935 2429 2998 Mar<
2472 2935 2498 2985 vxl
