2498 3401
145 227 244 292 146

332 557 411 591 10.

304 847 410 941 ἰς.

330 1229 410 1272 20,

945 218 998 266 ΙΙ.
1031 215 1142 266 Vita
1161 216 1204 268 S.
1229 190 1490 274 Auscharii,

463 335 599 385 Vidit
620 335 676 383 ad
697 340 919 383 aeternam
942 334 1152 396 requiem
1176 331 1397 397 coeloque
1418 339 1659 396 receptam

464 403 750 468 Martyribus
772 399 946 450 Christi
969 399 1164 448 feliciter
1183 400 1501 452 annumerari,
1758 452 1763 453 ⁷

463 474 520 521 Et
542 472 728 528 didicit,
758 470 984 534 quoniam
1007 467 1178 516 meruit
1200 467 1423 530 patientia
1446 465 1666 528 palmam.
1705 473 1753 532 ς)

460 543 515 601 6)
551 540 641 588 Sed
667 554 728 586 ne
752 538 1009 602 praecipites
1033 541 1219 583 evertat
1245 532 1431 598 quaestio
1453 532 1650 583 mentes.

461 608 602 657 Haud
617 607 779 655 levitas
793 605 1036 653 hominem
1054 601 1211 666 rapuit
1230 631 1245 655 ,
1275 617 1363 649 nec
1384 600 1625 664 religionis
1712 611 1722 619 '

460 676 613 740 Fregit
628 674 937 739 propositum,
952 670 1108 734 patriis
1121 668 1343 734 digressus
1360 670 1417 717 ab
1431 670 1539 717 oris,

459 743 748 791 Coenobium
765 740 1030 803 quoddam,
1063 753 1241 786 nomen
1264 739 1422 786 dixere
1446 735 1660 785 moderni

461 812 682 871 Corbejam
705 806 898 856 du&um
914 810 972 855 de
985 807 1187 854 nomine
1199 807 1358 854 matris
1379 820 1564 861 eorum,

460 878 757 927 Saxonumin
771 876 929 932 terris,
954 890 1066 939 quas
1082 875 1250 934 Vzscera
1283 875 1339 935 7)
1379 873 1553 937 proluit
1573 870 1742 929 amnis}

461 947 652 1010 Regum
666 945 917 1009 progenies
930 975 944 999 ,
966 942 1014 991 ὅ(
1031 942 1217 1006 Regum
1234 940 1401 989 nobilis
1415 942 1577 1000 haeres,
1668 935 1672 939 ’

456 1016 603 1063 Exilio
617 1028 858 1069 remeans,
882 1011 1132 1058 Adalardus
1154 1010 1365 1058 condidit
1375 1009 1519 1055 Abhas

459 1082 575 1131 Illuc
587 1081 872 1142 Anscharium
887 1080 1056 1127 direxit
1069 1081 1125 1126 ad
1138 1078 1454 1127 erudiendum
1467 1128 1475 1137 ,

457 1149 657 1212 Pignora
675 1150 824 1213 prima
836 1148 922 1194 suae
936 1146 1112 1206 Corbbja
1136 1159 1282 1192 mater
1301 1145 1518 1200 alumnae,

465 1218 579 1284 Qo
595 1218 739 1265 turbis
752 1216 920 1263 crebro
936 1217 1132 1263 verbum
1149 1212 1339 1260 Domini
1354 1209 1593 1263 faciendo}

460 1287 682 1348 Undique
706 1299 814 1350 cum
838 1289 1028 1330 ruerent
1052 1281 1100 1330 ὅ(
1127 1280 1290 1344 templi
1319 1281 1442 1342 septa
1463 1277 1718 1342 replerent,

459 1353 539 1401 Ad
553 1351 723 1403 Christi
737 1351 914 1399 cultum
932 1350 1133 1398 sormam
1148 1348 1276 1395 dedit
1301 1345 1349 1394 ὃ(
1364 1348 1709 1394 documentum

457 1419 640 1470 Nobilis
660 1419 754 1485 ipse
776 1430 906 1484 pater
929 1417 1118 1483 populi,
1140 1416 1327 1480 locique
1350 1412 1581 1479 magister.

948 1516 1082 1564 οη.
1117 1517 1220 1564 XII.
1254 1519 1307 1578 8>

627 1599 763 1662 Regni
776 1601 990 1662 primatus·
1013 1601 1171 1661 recipit
1189 1604 1279 1642 Rex
1298 1597 1427 1657 fonte
1444 1596 1646 1645 renatus&

465 1674 671 1737 Regibus
696 1674 869 1721 interea
898 1672 1039 1719 Danis
1060 1674 1104 1718 in
1130 1674 1185 1733 9)
1208 1669 1450 1718 cunfflbus
1473 1684 1601 1717 arma

456 1741 670 1790 Privatus
696 1741 878 1804 sceptris
903 1739 1132 1785 Heroildus
1156 1739 1316 1785 fraude
1352 1736 1556 1800 paternis

458 1809 665 1873 Supplex
678 1807 941 1871 Augustum
957 1808 1057 1853 Rex
1082 1805 1278 1869 expetiit
1300 1804 1582 1859 medovicum,

458 1874 565 1939 Ejus
590 1877 655 1922 uti
678 1891 760 1940 per
781 1890 925 1939 opem
938 1874 1095 1938 Regni
1112 1880 1349 1939 repararet
1373 1874 1612 1919 honorem

459 1946 640 2007 Regem
668 1942 917 2006 magnifice
943 1938 1193 1990 detentum
1208 1941 1358 1988 Caelar
1377 1938 1503 2002 apud
1526 1936 1570 1983 se

463 2011 628 2074 Coepit
652 2012 888 2057 adhortari
911 2010 1119 2072 suscepto
1141 2009 1334 2057 nomine
1348 2004 1518 2053 Christi

390 2082 392 2089 “
461 2080 611 2128 Fonte
628 2079 844 2142 perennis
866 2091 995 2139 aquae
1017 2076 1285 2123 lavachrum
1309 2072 1530 2120 novitatis
1553 2068 1687 2125 inirei

466 2148 539 2195 Sic
561 2161 655 2210 ope
667 2151 927 2192 Francorum
949 2143 1079 2191 citius
1103 2142 1180 2189 s1bi
1202 2140 1593 2195 subveniendum,

343 2231 418 2268 10.
465 2215 510 2262 Si
525 2214 647 2261 foret
669 2214 714 2260 in
739 2211 920 2276 populis
943 2209 1224 2259 communio
1244 2207 1520 2270 Religionis.

345 2949 396 3009 3·

471 2282 687 2330 Tandem
711 2281 914 2327 mollitus
937 2279 1100 2326 divino
1125 2276 1319 2324 numine
1333 2281 1480 2321 Danas
1696 2333 1701 2338 ·

478 2350 721 2404 Credidit,
746 2346 792 2395 ὅ(
813 2347 1011 2412 liquidas
1025 2345 1165 2393 fontis
1197 2341 1436 2392 descendit
1462 2340 1509 2387 in
1535 2336 1719 2400 undas-3

472 2418 633 2484 Qem
649 2415 801 2464 Caesar
819 2419 973 2467 niveis,
998 2420 1049 2461 ut
1076 2427 1185 2460 mos
1208 2410 1289 2464 est,
1313 2409 1464 2457 induit
1487 2406 1604 2455 Albis

473 2487 530 2535 Et
550 2497 683 2552 pater
703 2485 749 2534 in
773 2483 949 2535 lavacri
964 2480 1191 2531 natalibus
1216 2478 1371 2529 extitit
1387 2475 1461 2526 illi.
1534 2509 1537 2513 ψ

987 2584 1032 2633 C
1043 2598 1073 2631 A
1087 2599 1125 2630 Ρ.
1154 2581 1274 2630 xm.

562 2670 746 2729 Mittere·
764 2683 890 2731 quem
918 2668 969 2728 1)
982 2665 1094 2730 poffic
1117 2664 1249 2726 Cesar
1272 2678 1367 2709 cum
1388 2667 1499 2722 Rege
1520 2657 1725 2722 requirit.

474 2739 700 2804 Auspiciis
722 2742 981 2803 opibusque
1015 2737 1096 2784 suis
1129 2735 1359 2783 altricibus
1387 2734 1479 2780 oris

483 2807 630 2855 Caesar
654 2801 1266 2872 itemprofugummiffurus
1290 2802 1466 2864 sceptra
1487 2811 1747 2865 receptum,

481 2875 744 2938 Ut'direpta
765 2876 860 2927 fibi,
881 2874 1090 2922 sollerter
1109 2884 1313 2934 quaerere
1335 2869 1496 2930 coepit,

473 2945 624 2994 Sicubi
644 2942 768 2994 sorte
790 2945 943 2995 virum
964 2940 1039 2988 fibi
1062 2940 1164 3004 quis
1188 2936 1412 3004 reperiret
1433 2934 1699 2994 honestum,

734 3088 741 3096 ‘
812 3078 1030 3125 leHiones
1046 3077 1273 3124 variantes
1292 3091 1348 3121 ex
1360 3074 1473 3119 Aius
1486 3074 1748 3119 Sanc‘iorum.

237 3149 275 3202 5)
299 3150 384 3199 illis.
442 3149 492 3201 6)
518 3152 637 3201 Caput
655 3148 700 3192 11.
755 3149 802 3199 7)
835 3145 967 3190 Visera.
1058 3146 1102 3197 8)
1137 3145 1336 3196 Caput,111.
1359 3139 1744 3193 ApostolatusDaniae.

2071 191 2297 265 2Period}
2340 244 2347 246 >

2215 308 2343 320 -ι-ι-

2290 3001 2373 3050 ,ΑΟ
2454 3005 2470 3011 »-

1841 3133 1890 3189 9)
1924 3133 2149 3176 ineuntibus.
2209 3135 2246 3187 ι)
2275 3135 2369 3186 quis.
