2498 3401
132 209 151 244 ι
166 191 290 258 Cap.
307 188 658 256 gmeiteaeeitage.
840 162 1155 251 'besdnrt‘ebm
1185 197 1292 264 »οη
1326 188 1595 242 Guatdone.
2157 205 2244 255 ¹73

362 306 558 373 PeEtore
578 306 822 363 constanti,
833 304 1057 371 quoniam
1072 304 1195 352 Deus
1210 306 1374 354 annuit
1397 305 1457 354 illi
1470 323 1488 369 3

361 375 496 427 Exilii:
513 374 748 440 angelicus
769 386 898 441 pater
917 373 1014 422 hoc
1038 371 1257 420 solamine
1282 372 1441 442 fultus,

878 466 1014 515 ΟΜ.
1048 464 1172 513 LIX.

480 547 617 598 Turba
624 549 792 611 fremit,
804 549 944 609 finiar
963 546 1132 594 verbum
1141 546 1271 607 facit,
1290 543 1343 592 &-
1350 544 1448 606 filet
1460 558 1593 591 error.

358 623 462 672 Lux
474 624 549 671 ubi
571 621 789 688 processit
801 622 966 688 placiti,
991 621 1094 669 Rex
1117 621 1210 686 ipse
1231 621 1392 684 coegit

353 691 409 739 In
428 696 562 752 Byrca
583 691 824 755 populum,
846 702 947 737 tum
963 703 1142 736 morem
1168 701 1324 751 praeco
1334 684 1607 742 secundum,

359 759 491 824 Qid
505 757 811 814 velitantites‚
834 762 1013 805 coetum
1038 752 1312 819 promulgat
1331 753 1624 804 ati-omnem.

235 841 276 887 5.
357 826 575 873 Exoritur
596 823 766 873 mixtus
787 823 978 880 clamor,
993 822 1249 886 creberque
1267 820 1507 868 tumultus.

356 891 561 941 infidum
586 890 758 956 vulgus
782 890 1028 956 querulum
1059 888 1169 938 facit
1189 902 1322 936 error
1341 889 1544 952 iniquus,

356 959 601 1007 Murmure
623 958 845 1012 confusis,
866 957 1154 1013 fremituque
1177 954 1486 1020 strepentibus
1504 952 1606 1011 illis,

356 1026 558 1092 Surgens
571 1025 617 1072 in
629 1026 784 1074 medio
807 1025 994 1088 quidam
1018 1020 1288 1088 proveffior
1307 1036 1428 1080 aev0,

352 1092 425 1140 Sic
445 1091 510 1140 est
532 1094 591 1138 ad
604 1090 786 1155 Regem
809 1091 1131 1154 populumque
1152 1089 1339 1138 locutus
1364 1087 1570 1138 eundem
1589 1103 1605 1133 ε

231 1170 304 1207 10.
354 1154 504 1219 Hujus
521 1154 629 1218 jure
652 1157 729 1204 dei
750 1157 928 1207 cultura
953 1154 1217 1218 probabilis,
1238 1156 1403 1217 inquit,

332 1241 335 1243 ·
352 1222 442 1280 Est,
453 1224 502 1270 in
515 1223 558 1271 se
570 1238 678 1272 cum
692 1220 897 1288 praesidio
921 1221 1208 1287 sperantibus
1232 1221 1358 1271 adsit.

353 1291 513 1355 Quam
535 1305 636 1339 rem
662 1290 886 1355 supremis
905 1289 1085 1354 experti
1105 1289 1220 1352 saepe
1248 1285 1428 1353 periclis

350 1358 418 1406 Ex
439 1357 600 1407 nostris
621 1358 827 1423 quidam,
839 1359 1033 1418 Dorstati
1053 1361 1099 1416 ε)
1119 1357 1285 1422 sponte
1305 1355 1491 1404 lituram

353 1424 703 1482 Chrismatis‚&
724 1425 898 1474 sacrum
913 1422 1011 1489 jam
1033 1438 1285 1490 percepere
1316 1421 1593 1479 iavachrum
1631 1421 1684 1483 3)

229 1506 303 1550 15.
358 1491 875 1558 Qaerere'quamlibuit
895 1492 1057 1557 procul
1079 1492 1136 1540 ad
1159 1506 1246 1540 nos
1266 1491 1412 1555 gratia
1435 1487 1584 1542 venit,

349 1559 406 1608 Et
425 1574 556 1609 nunc
576 1560 621 1607 in
643 1560 856 1609 manibus
879 1560 1005 1625 spem
1025 1559 1244 1609 libertatis
1266 1559 1510 1609 habemus.

351 1627 480 1675 utile
501 1627 760 1682 consilium,
781 1642 865 1677 cur
886 1642 1000 1691 ergo
1021 1627 1288 1692 repellimus
1311 1625 1448 1674 istum

334 1693 450 1742 'Res
470 1695 637 1759 probat
655 1694 742 1743 effe
758 1695 928 1755 Deum,
943 1696 1020 1760 qui
1034 1695 1303 1757 summovet
1324 1708 1467 1744 omne
1498 1686 1725 1760 periclum
1759 1687 1819 1751 4)

348 1760 478 1808 Inter
497 1775 583 1808 nos
605 1758 742 1822 hujus
757 1761 911 1810 servos
929 1763 1137 1810 habitare
1157 1761 1355 1809 sinamus

226 1838 305 1873 20.
356 1827 410 1873 Et
433 1827 492 1873 dii
517 1838 776 1890 nequeunt,
798 1827 874 1875 vel
897 1827 926 1873 si
947 1828 1211 1875 succurrere
1232 1826 1403 1880 nolint,

356 1892 406 1940 In
428 1906 530 1957 quo
545 1905 671 1949 certa
693 1893 821 1947 salus,
843 1893 972 1942 hunc
993 1895 1129 1942 nobis
1149 1891 1451 1943 conciliemus

867 1987 911 2036 C
925 2002 952 2036 A
963 2003 1003 2039 rs
1035 1987 1139 2038 Lx.

483 2074 613 2118 Caetus
632 2069 741 2125 abit,
762 2072 891 2130 causae
902 2085 1007 2135 pars
1020 2072 1219 2133 consonat
1240 2070 1381 2117 altera
1398 2081 1535 2123 terra,

345 2142 533 2193 Talibus
558 2145 710 2193 oranti
733 2145 891 2209 plausit
915 2143 1130 2194 collefflo
1151 2145 1293 2210 vulgi.

344 2212 413 2258 Ut
435 2212 603 2260 Christi
627 2213 817 2260 Domini
836 2212 1038 2262 cultores
1068 2218 1209 2278 atque
1235 2207 1426 2259 ministri

343 2279 468 2326 luter
489 2293 568 2327 eos
592 2279 818 2332 habitent,
839 2278 886 2328 δι
907 2281 1065 2328 munia
1087 2280 1208 2329 sacra
1229 2280 1546 2342 frequentent.

221 2362 264 2409 5.
347 2343 663 2394 Conventum
684 2346 817 2395 solvit
837 2347 937 2395 Rex
958 2345 1004 2395 &
1018 2348 1261 2397 notescere
1285 2343 1395 2393 fecit

345 2412 600 2461 Anschario
625 2414 839 2472 verbum,
865 2415 907 2463 se
931 2430 1051 2464 vero
1073 2417 1239 2464 cedere
1265 2412 1489 2461 nondum

350 2477 483 2527 Posse
505 2479 716 2532 licenter,
743 2482 819 2539 ait,
836 2483 987 2530 donec
1005 2497 1106 2548 pars
1127 2482 1269 2530 altera
1290 2479 1442 2543 Regni

345 2547 422 2595 Ad
444 2563 581 2612 quam
606 2548 808 2596 deferret
827 2549 1007 2598 caussm
1034 2549 1246 2599 consulta
1277 2549 1515 2614 probaret,
1557 2584 1562 2587 ⁴

350 2615 472 2678 Ergo
492 2616 565 2663 die
587 2614 754 2676 placiti,
774 2629 883 2664 cum
903 2617 1053 2666 rursus
1073 2618 1118 2666 in
1148 2617 1337 2683 agmine
1363 2614 1496 2678 vulgi*

220 2695 296 2731 10.
341 2681 446 2729 Rex
467 2694 553 2746 per
576 2681 844 2731 Praeconem
865 2699 965 2732 rem
989 2685 1255 2734 declarasset
1287 2683 1508 2737 eandem»

346 2748 513 2798 'Potius
535 2751 681 2799 turbae
701 2748 955 2802 sonuerunt
972 2767 1052 2803 ora
1083 2752 1264 2879 favor&
2107 2815 2155 2866 C

1210 2828 1212 2832 ⁴
1303 2832 1326 2881 3
2163 2828 2244 2864 A).

662 2918 894 2966 Varianus
925 2921 1118 2968 leffiiones
1145 2937 1205 2968 ex
1222 2919 1339 2967 Affis
1358 2910 1623 2966 Saliorum}

109 2995 157 3049 2)
183 2998 362 3041 Dmstadi,
427 3001 472 3054 3)
500 2999 691 3046 lavacrum.
753 3001 807 3054 4)
829 2999 1159 3047 Hicdesuntversus
1176 3000 1316 3055 aliquot
1330 3013 1370 3041 ut
1378 3002 1596 3054 patet-etiam
1608 3001 1647 3042 in
1659 2998 1754 3042 libro
1770 2996 1949 3055 prosaico.
