2498 3401
216 329 510 396 Rheginonis
524 327 919 394 supplementum,
942 329 1018 395 qui
1041 329 1249 392 Scriptor
1270 330 1444 394 singula
1469 346 1685 397 tempora
1706 330 1754 380 &
1778 333 1940 380 itinera
1953 333 2183 382 Otthonis
2204 336 2338 396 primi
2354 337 2415 386 in
2445 387 2449 393 ,

217 399 346 448 ltalia
357 403 576 447 accurate
589 398 890 463 consignavit.
960 398 1085 445 Nam
1099 396 1225 453 dicit,
1239 397 1528 453 Otthonem,
1547 399 1793 465 postquam
1808 400 1967 448 Romae
1982 415 2050 448 res
2063 402 2422 465 composueratf.

216 465 441 516 Natalem
457 466 666 523 Domini,
701 467 836 526 (cum
851 480 946 530 quo
958 463 1074 514 festo
1086 464 1235 513 veteri
1250 464 1471 525 Ecclesiae,
1497 465 1576 513 suo
1598 479 1843 530 computo,
1871 482 2025 516 novus
2040 483 2191 518 annus
2216 471 2405 527 inchoa·

217 537 328 597 tur)
363 533 513 598 Papiae
523 532 786 591 celebrasse,
805 547 932 582 anno
946 531 1305 598 nongentesimo
1319 528 1599 597 sexagesimo
1611 535 1793 598 quinto,
1806 536 1913 583 inde
1923 537 1978 583 ad
1992 534 2195 585 ‘confinia
2206 532 2406 587 Franciae
2450 543 2459 548 ’

218 600 269 651 δι
283 600 569 650 Alemanniae
581 601 629 649 in
645 601 765 650 Villa
781 600 1200 650 Heirnbodesheim
1214 599 1418 648 habuisse
1428 601 1530 649 suos
1544 601 1901 651 occurrentes&
1915 601 2201 666 plaudentes,
2269 604 2409 653 Circa

217 668 462 719 calendas
473 669 703 717 Februarii
717 668 765 718 &
778 668 959 717 Festum
979 667 1316 728 Purificationis
1331 668 1486 716 Mariae
1501 665 1595 730 jam
1610 668 1951 718 Wormaciam
1974 673 2204 735 attigerat,
2239 670 2287 721 ὅ(
2307 679 2409 720 tota

222 735 636 803 quadragesimam
648 736 831 785 Francia
844 748 1185 789 commoratus,
1205 735 1251 783 in
1276 736 1535 799 ingelheim
1569 735 1791 800 <Oppido
1808 750 1958 800 prope
1983 738 2305 802 Mogentiam)
2326 736 2421 787 Pax-'-

221 806 451 855 schacum
465 819 641 868 magno
652 804 824 869 gaudio
837 803 1104 854 celebravit.
1156 803 1322 852 Incidit
1333 801 1448 853 vero
1461 803 1627 851 Pascha
1642 818 1700 850 eo
1711 818 1836 851 anno
1849 804 1898 850 in
1910 805 2181 868 vigesimum
2204 794 2419 870 primum·
2481 798 2485 804 ’

221 872 394 922 Martii.
468 872 688 920 Albertus
701 872 948 921 Crantzius
961 882 1128 920 monet
1149 871 1195 919 in
1209 870 1406 918 Saxonia
1427 870 1498 918 sua
1534 871 1617 932 (e)
1645 869 1957 919 Pentecosten
1982 869 2077 934 ejus
2089 876 2194 929 anni
2212 876 2417 936 Impera-

221 947 384 989 torem
400 940 681 1003 Aquisgrani
696 939 932 1003 peregisse,
1009 937 1115 986 Post
1129 938 1293 988 Pascha
1307 936 1353 987 &
1368 936 1849 1003 Pentecosten,pergit
1865 939 2166 1002 Rhegenonis
2178 940 2410 989 Continu-

222 1014 345 1056 ator.
419 1008 637 1052 Coloniam
657 1010 846 1068 Navigio
865 1008 1110 1068 attingens,
1130 1019 1314 1051 matrem
1330 1007 1457 1065 suam
1481 1007 1710 1052 Dominam
1732 1007 1997 1053 Machildam
2019 1006 2068 1054 65
2086 1007 2267 1067 fhrorem
2286 1009 2412 1067 fuam

223 1074 485 1135 Gerbingam
498 1076 707 1134 Reginam
720 1077 954 1136 Filiumqve
967 1077 1051 1131 ejus
1066 1080 1218 1134 Regem
1232 1073 1486 1120 Locharlum
1495 1074 1577 1133 fibi
1599 1073 1738 1121 obvios
1762 1077 1967 1135 condigno
1985 1075 2046 1121 ibi
2063 1074 2277 1123 amore&
2287 1077 2412 1122 hono-

222 1159 272 1190 re
284 1143 506 1194 trafflam‘t,
520 1143 658 1204 ficqve
669 1145 716 1186 in
726 1146 960 1188 Saxoniam
970 1145 1085 1188 inter
1097 1143 1275 1188 direxit.
1346 1143 1618 1189 Benedielum
1628 1146 1762 1189 etiam
1774 1144 1897 1190 illum
1916 1143 2141 1206 depositum
2152 1144 2205 1189 ab
2215 1144 2317 1190 urbe
2331 1149 2413 1190 Ro-

224 1224 357 1257 mana
379 1210 519 1268 secum
539 1213 586 1254 in
607 1213 833 1255 Franciam
860 1210 1061 1266 adrexit,
1105 1226 1234 1274 qvem
1256 1209 1474 1272 Adeldago
1506 1213 1817 1273 Archieptscopo
1846 1213 2160 1270 custodiendum
2192 1210 2412 1270 commisit,

221 1275 465 1327 Haerenus
479 1276 765 1341 Rheginonis
781 1277 1113 1328 Continuator.
1182 1278 1248 1324 Ex
1271 1279 1439 1341 quibus
1462 1278 1680 1344 colligere
1701 1279 1850 1330 liceat,
1874 1281 2100 1342 quoniam
2126 1279 2239 1325 dicit
2261 1277 2415 1325 Histo-

223 1346 349 1393 ricus
391 1345 578 1406 quodin
597 1344 833 1392 Franciam
850 1344 1151 1393 Benedieham
1175 1345 1593 1393 adduxerit'secum
1615 1347 1903 1408 Imperator,
1942 1346 2019 1393 hic
2043 1339 2334 1408 Adeldagum
2355 1344 2416 1392 ab

224 1413 513 1474 Imperatore
528 1411 760 1460 dimissum
775 1410 896 1460 tedia
908 1412 1120 1459 Bremam
1133 1413 1220 1459 iter
1236 1411 1472 1461 instituisse
1485 1428 1593 1460 cum
1609 1411 1861 1460 Benedicito
1877 1412 1954 1459 fibi
1968 1411 2229 1465 commisso,
2241 1425 2417 1474 nempe

222 1477 252 1528 ὲ
266 1480 559 1527 Wormacia
573 1479 793 1527 civitate:
827 1493 968 1543 atque
981 1491 1031 1526 ut
1049 1481 1307 1542 Imperator
1321 1479 1605 1543 Ingelheimii
1618 1511 1630 1532 ,
1666 1480 1723 1528 sic
1736 1478 2030 1543 Adeldagum
2052 1480 2227 1528 Bremae
2253 1478 2418 1528 Pascha

227 1545 541 1595 celebrassem
565 1545 670 1594 Post
687 1546 927 1593 Paschatos
943 1545 1119 1594 Festum
1143 1546 1408 1609 peractum,
1436 1545 1484 1594 ὅ(
1508 1547 1714 1595 mensem
1741 1547 1985 1603 Martium,
2011 1547 2121 1611 quin
2144 1547 2428 1612 Adeldagusj»
2494 1581 2498 1608 ,ᾗ

227 1627 398 1661 omnes
413 1611 626 1661 Ecclefias
641 1615 736 1660 suas
748 1613 930 1665 obierit,
955 1611 1002 1660 <Sc
1017 1615 1248 1677 praecipue
1271 1616 1327 1661 ad
1342 1615 1719 1678 Hamburgenses
1731 1615 1905 1662 Fratres
1920 1615 2138 1671 inviserit,
2151 1614 2327 1680 illisque
2341 1625 2425 1662 ned
2493 1623 2498 1632 '‘

226 1679 469 1731 nedi&um
482 1679 655 1743 Papam
673 1680 842 1729 solicite
858 1682 1216 1737 commendarit,
1236 1680 1415 1729 nullum
1438 1684 1631 1729 dubium
1654 1681 1742 1729 esse
1765 1681 1943 1746 potest3
1975 1684 2187 1745 quamvis
2209 1682 2420 1734 haud-ita

229 1747 426 1798 voluisse
440 1748 712 1795 Otthonem
728 1749 1064 1811 Imperatorem
1082 1763 1138 1795 ex
1155 1749 1322 1796 Adami
1338 1751 1583 1798 Bremenfis
1609 1750 1758 1797 verbis
1779 1749 1877 1796 satis
1898 1748 2095 1802 eluceat,
2132 1737 2212 1813 qui
2231 1749 2421 1806 custodie

224 1818 280 1864 in.
295 1815 593 1875 Hammaburg
604 1818 843 1877 mancipari
855 1816 1124 1861 Benedifft'um
1130 1817 1355 1878 precepisti·
1368 1817 1523 1868 docet,
1545 1816 1959 1880 Archiepiscopum
1975 1830 2090 1864 vero
2113 1831 2288 1879 magno
2310 1829 2427 1864 cum

223 1883 413 1934 honore
428 1896 576 1945 usque
590 1884 652 1929 ad
663 1884 845 1930 obitum
860 1878 957 1944 ejus
977 1882 1244 1930 deripuisse:
1279 1883 1447 1932 sellieet
1461 1883 1722 1947 Hamburgi
1745 1883 1866 1930 inter
1885 1882 2084 1930 Fratres:
2118 1884 2164 1930 id
2189 1879 2318 1948 quoii
2331 1894 2431 1946 ego÷

225 1951 288 1999 sic
312 1952 592 2014 interpretor
606 1951 947 2014 Imperatorem
965 1949 1147 1998 Comiti
1169 1950 1249 1998 suo
1263 1984 1276 2007 ,
1318 1951 1686 2013 Hamburgensis
1701 1949 1867 1998 castelli
1882 1944 2123 2002 PraeFetS‘to,
2144 1949 2191 1999 ὅ(
2207 1949 2424 1998 custodia:

227 2016 418 2069 militari
443 2016 638 2066 voluisse
653 2018 769 2065 tradi
786 2014 1100 2074 Benedictum,
1115 2017 1187 2065 sed
1204 2019 1266 2065 ob
1280 2020 1488 2082 egregias
1506 2020 1587 2067 viri
1603 2021 1752 2073 doteS‚
1775 2004 2060 2081 probffatem
2073 2016 2121 2065 ὃ(
2135 2017 2422 2066 satientatem

227 2087 352 2142 vitae,
376 2083 604 2137 liberalius
628 2084 674 2133 ὅ(
698 2085 937 2133 honestius
960 2100 1071 2132 eum
1096 2087 1258 2132 haberi
1281 2083 1546 2133 concessisse
1564 2098 1705 2148 atque
1722 2084 1780 2131 sic
1802 2096 1985 2131 tantum
2002 2084 2155 2145 virum
2180 2099 2426 2150 promere·
2460 2114 2461 2119 =

230 2154 268 2208 ri
283 2150 516 2208 censuisse,
541 2152 699 2200 Mense
715 2154 852 2216 igitur
866 2151 1027 2216 Aprili,
1067 2156 1210 2199 Anno
1222 2151 1395 2200 Christi
1409 2151 1782 2216 Nongentefimo
1797 2151 2079 2215 sexagesimo
2092 2153 2273 2216 quinto.
2341 2166 2419 2200 Be·

230 2218 444 2281 nedie‘ms
459 2220 661 2283 primum
677 2223 848 2284 pedem
863 2221 957 2267 huc
976 2218 1176 2280 intulisse
1189 2220 1335 2266 videri
1347 2217 1514 2282 potest.
1555 2270 1558 2274 ,
1585 2220 1765 2266 Interea
1793 2218 1951 2265 Mense
1975 2217 2146 2272 Mart-io
2167 2219 2265 2267 Leo
2278 2217 2422 2267 Oska-

230 2302 319 2338 vus
336 2287 551 2345 Pontifex
564 2287 728 2335 Romae
743 2285 947 2336 decessit,
979 2287 1143 2334 Statim
1158 2302 1182 2333 a
1193 2288 1363 2335 Senatu
1377 2285 1658 2351 Populoque
1671 2286 1896 2332 Romano
1911 2285 2071 2349 Legati
2085 2290 2140 2334 ad
2153 2287 2451 2341 Otthonemff

233 2357 575 2419 Imperatorem
590 2355 858 2408 mittuntur,
880 2359 985 2402 Azo
999 2354 1455 2412 Proto-Scriniarius‚
1477 2352 1527 2402 ὅ(
1542 2353 1747 2401 Marinus
1761 2352 2007 2416 Episcopus
2022 2355 2173 2410 Sutrii,
2197 2356 2336 2418 quiin
2348 2354 2434 2408 Sar«
2484 2413 2488 2420 .

237 2423 380 2473 xonia
393 2422 511 2470 circa
524 2422 643 2485 Junii
667 2423 835 2470 mensis
859 2423 1023 2469 initum
1045 2422 1169 2469 forte
1192 2422 1537 2486 Imperatorem
1572 2424 1827 2474 accedunt,
1862 2433 1913 2468 ut
1945 2423 2086 2477 credo
2112 2419 2430 2485 Magdeburgi·

234 2497 350 2541 tunc
373 2489 710 2553 subsistentem:
745 2506 853 2538 nam
868 2488 1168 2551 Privilegium
1182 2491 1309 2552 qvod
1327 2489 1403 2536 VI.
1418 2488 1609 2536 Calend.
1622 2489 1723 2551 Julii
1740 2489 2169 2551 Hamburgensibus
2184 2486 2431 2546 concessit,
2482 2494 2498 2533 ’τ

237 2558 287 2606 in
303 2572 356 2605 ea
369 2557 559 2605 civitate
574 2557 795 2620 scriptum
812 2555 1026 2621 superest,
1047 2554 1327 2618 &Upraeterea
1347 2556 1561 2619 peculiari
1578 2557 1871 2606 hunclocum
1890 2556 2015 2604 cultu
2043 2557 2432 2622 prosequebar-ura
2495 2574 2498 2579 ·

233 2636 289 2673 ut
301 2620 399 2686 ejus
412 2624 590 2672 Civitas
601 2625 728 2672 haud
741 2624 878 2673 semel
892 2625 1020 2689 apud
1032 2622 1288 2671 Historicos
1304 2622 1576 2686 appelletur.
1651 2625 1712 2671 Hi
1719 2640 1743 2672 c
1755 2637 2008 2688 exponunt
2023 2625 2184 2688 Legati
2205 2616 2434 2679 desideria}
2495 2659 2498 2663 ·

234 2692 582 2755 Romanorum,
594 2694 842 2754 quomodo
854 2689 1146 2739 Benedifitum
1160 2689 1288 2738 suum
1302 2692 1558 2752 reposcant,
1581 2694 1708 2756 quod
1721 2694 1846 2749 bona
1858 2688 1967 2740 curn
1980 2694 2117 2749 venia
2129 2692 2422 2756 Imperatoris
2472 2695 2498 2737 πῖ

236 2758 339 2808 fieri
354 2752 518 2819 possit:
551 2754 598 2805 ὅ(
620 2760 732 2806 dum
746 2759 824 2812 sub
836 2759 1027 2806 consiliis
1043 2759 1143 2805 haec
1160 2771 1233 2805 res
1248 2759 1412 2820 fervet,
1438 2774 1490 2806 ac
1501 2758 1726 2807 deliberat
1738 2761 2014 2823 imperator,
2041 2762 2235 2807 tandem
2250 2759 2432 2807 Roma-L*

239 2827 318 2876 nis
340 2824 451 2872 illud
466 2824 685 2888 largatur,
710 2826 784 2873 sed
797 2827 975 2874 interea
990 2823 1263 2874 Benedietus
1280 2826 1539 2889 Hamburgi
1562 2829 1686 2883 diem
1704 2829 1728 2874 s
1721 2843 1831 2875 uum
1844 2828 1961 2875 obiit
1974 2828 2113 2875 tertio
2127 2829 2292 2875 Nonas
2304 2824 2429 2890 Julii'j!
2468 2843 2471 2878 1

240 2905 298 2950 ut
311 2892 525 2951 Adamus
541 2893 783 2940 eremenfis
797 2893 996 2946 indicat,
1021 2903 1191 2956 quarto
1202 2892 1363 2940 Nonas
1378 2894 1679 2957 uttinscriptio
1695 2894 1849 2943 nostra
1861 2894 2143 2958 supposititia
2157 2895 2338 2958 prodit,
2360 2890 2427 2944 ⁴<Sc
2467 2882 2469 2935 Ῐ

237 2951 448 3027 plerique
460 2957 706 3025 scriptores
718 2959 874 3025 potius
886 2960 1031 3017 secuti
1052 2960 1172 3024 sunt,
1190 2962 1318 3026 quod
1333 2961 1472 3015 etiam
1487 2955 1733 3024 *Maderus2
1743 2963 1827 3029 qui
1840 2963 1987 3020 varias
2000 2960 2226 3031 lefiiones
2249 2964 2295 3015 in
2305 2974 2427 3039 ‘mara

297 3109 363 3166 (e)
389 3108 412 3150 1.
422 3117 465 3167 4.
485 3120 518 3156 c,
541 3117 592 3164 13,
2317 3039 2423 3094 ἕως
