2498 3401
154 204 173 241 1
190 190 305 254 Cap.
320 189 455 252 meite
477 188 684 254 {Beilage-
933 188 1236 250 befcbtx'ebm
1260 199 1366 248 von
1384 193 1648 250 Gualdone.

2182 216 2269 269 155

127 270 2279 302 W—-ffi—R———mw

388 306 648 367 lnfinuant3
683 308 840 355 animo
856 305 1004 355 Caesar
1015 321 1205 355 rumore
1217 307 1436 363 secundo.

391 374 609 422 Exultans
623 375 781 427 alacri,
800 389 909 422 cum
923 386 1078 438 grates
1099 376 1416 441 omnipotenti

384 441 646 498 Reddere-t,
684 444 728 489 in
744 442 883 490 Danis
897 441 1147 491 recolendo
1154 440 1292 504 jubar
1306 445 1498 494 Deitatis

387 510 613 558 Exortum
637 511 874 573 quondam
902 507 1088 557 noffem
1107 509 1312 561 vacuaffe
1331 508 1627 578 profundam.

261 589 335 638 15.
389 578 515 623 Cura
529 576 676 623 solerti
691 579 922 641 quaerebat
944 576 1229 625 Pontificalis

387 642 539 690 Poffet
553 650 604 691 ut
633 644 800 691 institui
825 643 951 691 sedes
963 643 1191 707 aquilonis
1210 644 1259 690 in
1275 646 1386 708 ori&

387 710 507 758 Finis
521 723 570 757 ut
583 711 757 774 imperii
771 709 1020 774 praeclusus,
1033 710 1177 758 limite
1198 710 1298 769 tali,

383 775 663 841 Principium
677 776 810 825 fieret
824 776 1007 840 Regni,
1040 777 1167 842 quod
1185 775 1278 825 fine
1300 786 1501 839 carereti

387 842 535 908 Cujus
550 852 600 892 ut
614 844 817 893 Ecclefiae
831 842 1082 892 Rectorem
1095 844 1299 893 crebrius
1310 846 1376 897 ire

256 924 335 965 20,
388 912 441 958 ln
456 924 602 975 partes
615 910 708 960 illas
723 910 1026 977 compelleret
1047 910 1136 973 ipsit
1158 910 1367 975 facultas,

387 980 452 1026 Ex
466 994 560 1042 quo
576 977 796 1027 dostrinae
809 978 972 1027 leviori
986 975 1125 1026 sraela
1146 976 1307 1042 ligone

385 1045 531 1094 Effera
543 1046 772 1095 Barbaries
786 1044 962 1094 studius
983 1045 1114 1095 daret
1132 1047 1383 1103 uberiores,

874 1141 1014 1212 cm.
1048 1143 1247 1195 xxvn,

505 1223 650 1288 Qod
654 1224 742 1271 Rex
747 1224 962 1287 proposuit
972 1252 987 1278 ‚
1017 1224 1250 1286 suspensum
1270 1239 1407 1274 morte
1425 1229 1619 1296 reliquit.

389 1295 490 1345 Rex
502 1310 660 1344 autem
673 1298 870 1347 Carolus
884 1330 898 1355 ‚
931 1300 1121 1362 quando
1133 1305 1416 1367 compescuit
1427 1321 1620 1362 omnem

385 1367 615 1410 saxoniam
633 1364 759 1413 ferro
770 1394 787 1419 ‚
830 1365 943 1414 lavit
964 1367 1240 1431 baptismate
1259 1378 1473 1435 gentem,

386 1430 730 1496 Pontificesque
744 1432 845 1480 suos
855 1433 1037 1498 populis
1051 1435 1292 1485 statuendo
1307 1440 1565 1507 quibusque

257 1510 299 1562 5.
386 1498 483 1564 Qi
495 1497 540 1548 su
548 1511 600 1547 nt
613 1512 734 1551 trans
746 1499 887 1546 Albim
901 1502 977 1549 lub
993 1501 1185 1552 Praelule
1198 1504 1352 1553 noluit
1364 1506 1470 1557 effe.

387 1566 683 1614 Decernebat
696 1568 819 1615 enim
834 1569 1048 1634 princeps
1060 1571 1108 1618 in
1122 1570 1291 1621 finibus
1308 1571 1390 1621 illis

386 1631 502 1680 Poni
515 1632 789 1682 Pontificem
802 1667 815 1692 ,
851 1637 927 1700 qui
939 1637 1101 1691 summi
1112 1638 1301 1690 culmen
1323 1642 1518 1694 honoris

384 1699 564 1748 Scilicet
577 1700 819 1750 Eccleliam
843 1717 1032 1768 regeret
1044 1708 1457 1771 metropolitanam
1470 1742 1485 1770 2

387 1766 453 1814 Ex
464 1782 552 1830 qua
564 1765 708 1816 flante
725 1771 826 1817 Deo
840 1770 944 1817 fidei
966 1770 1148 1820 stillaret
1167 1777 1304 1838 origo

264 1851 283 1884 1
292 1845 338 1886 ο.
385 1834 440 1880 In
451 1833 647 1897 reliquas
656 1842 821 1898 gentes
839 1837 888 1882 in
908 1847 1048 1883 terras
1059 1838 1317 1890 ulteriores.

390 1901 609 1959 Eccless'am
622 1932 635 1956 ‚
669 1918 760 1963 quae
770 1904 914 1963 prima
926 1904 1023 1947 locis
1035 1904 1220 1951 adolevit
1228 1908 1276 1952 in
1287 1905 1399 1960 illa-3

386 1970 542 2014 Sanxie
557 1969 831 2014 Amalharius·
845 1999 858 2021 ‚
882 1969 1098 2016 Gallorum
1112 1974 1270 2031 Prasia!
1282 1974 1337 2018 ab
1350 1974 1454 2028 oris}

387 2032 666 2089 Pontificum
683 2049 797 2082 vero
807 2035 918 2087 nulli
935 2036 1014 2082 sub
1024 2034 1133 2098 jure
1143 2037 1397 2087 redaEiam.

390 2098 627 2163 Augustus
638 2102 825 2147 Heridac
840 2103 1072 2151 commisit
1094 2103 1396 2154 Paroechiam

263 2182 336 2232 15.
383 2167 539 2232 Qem
555 2167 752 2216 simulad
772 2169 965 2217 culmen
976 2170 1140 2219 summi
1156 2170 1412 2236 pron-nollet
1422 2172 1616 2226 hon-oris

389 2237 453 2285 Ni
466 2235 598 2284 citius
610 2243 772 2285 rueret
785 2247 1049 2301 praeventus
1063 2251 1283 2305 tempore
1294 2241 1460 2303 mortis

862 2329 907 2378 C
921 2345 949 2377 A
960 2345 999 2381 ι’.
1040 2331 1262 2383 xxviii.

427 2405 534 2453 Urbs
555 2421 638 2470 quo
651 2408 739 2467 flat
761 2409 912 2457 Boreae
938 2412 986 2471 3)
1002 2412 1068 2472 sic
1083 2414 1234 2460 mundi
1253 2412 1435 2463 elimate
1456 2416 1627 2468 PrImu
1660 2426 1720 2487 4)
1809 2462 1811 2465 .

395 2478 478 2528 Ast
501 2481 578 2528 ubi
603 2480 703 2544 post
727 2497 932 2532 mortem
958 2484 1104 2534 Patris
1133 2487 1406 2540 Ludovicus
1429 2494 1486 2540 ad
1504 2508 1689 2562 ,ax-cem,

394 2546 551 2610 Regni
561 2548 759 2597 surrexit
770 2580 785 2604 ,
820 2552 1021 2613 primam
1036 2569 1137 2619 quae
1153 2553 1407 2620 trans'jacet
1418 2559 1578 2612 Albim

396 2619 440 2664 A
454 2616 669 2678 quisdam
685 2618 893 2665 monitus
907 2619 1043 2669 binos
1059 2636 1146 2684 per
1161 2623 1483 2676 pontificatus.

274 2692 317 2741 ς,
396 2682 637 2729 Distribuit
649 2712 664 2736 ‚
699 2685 809 2747 quid
823 2686 947 2734 enim
958 2700 1094 2751 pater
1106 2687 1206 2754 ejus
1222 2692 1408 2742 senserit
1418 2694 1553 2745 olim.'

398 2748 579 2797 Ponere
593 2749 872 2801 Pontificem
887 2757 1015 2817 quod
1040 2757 1197 2806 noluit
1209 2758 1255 2807 in
1266 2759 1550 2823 Regionem‚

402 2815 652 2865 Terrarum
678 2818 888 2867 domitor
902 2835 1006 2870 non
1022 2824 1262 2889 comperit
1281 2827 1592 2896 Induperator

403 2881 506 2933 Hac
519 2884 568 2935 in
586 2890 812 2934 Danorum
835 2889 1099 2952 regionibus
1119 2891 1168 2941 δε
1180 2900 1386 2943 Sveorum

1122 2959 1227 3017 Ua

159 3082 162 3086 ,
739 3039 953 3088 LeWones
972 3043 1193 3093 variantes
1214 3050 1269 3095 ex
1279 3045 1398 3098 Adis
1406 3046 1657 3098 Sanfforum

159 3093 202 3148 3)
221 3098 382 3142 Boreas„
450 3100 501 3155 4)
530 3103 659 3148 Prima
1028 3105 1035 3107 ’

2195 2968 2333 3026 Sorte
