2498 3401
137 198 154 231 1
181 183 294 245 Cap.
323 176 674 241 ὄῒυεὶΐεὲδείὶαρε.
895 170 1198 240 besebtt'eben
1220 181 1326 227 von
1351 171 1619 225 Gualdone.

78 256 2242 293 ΝΜ*-

251 1008 325 1048 100

259 2102 334 2137 10.

265 2436 339 2483 15.

169 3057 213 3107 7)
243 3056 321 3098 Fur.

832 305 950 354 Cn.
994 304 1256 354 LXXXIX.

457 380 603 437 Moesta
616 376 818 440 probavit
838 391 941 423 anus
955 408 970 434 ,
1002 390 1215 439 quantum
1229 376 1324 436 fuit
1345 374 1411 422 ille
1433 375 1647 437 benignus.

373 459 451 506 Fas
474 463 525 519 7)
550 457 615 505 est
642 455 867 520 exemplis
897 453 1026 519 cujus
1059 457 1147 505 fuit
1166 459 1215 520 8)
1239 456 1425 520 pietatis.

371 526 624 573 Promere:
655 539 782 572 nunc
807 526 937 571 verlu
960 525 1088 588 quod
1119 522 1283 572 claruit
1304 522 1461 570 indice
1483 523 1582 586 visu

375 594 652 656 Expediarm
686 591 852 638 Viduae
873 587 1113 652 cujusdam
1146 601 1306 653 captus
1331 591 1388 636 ab
1418 589 1550 638 hoste

375 661 510 707 Filius
531 663 576 708 in
603 659 822 722 Regnum
844 656 990 706 dictus
1016 661 1069 718 9)
1094 657 1478 712 fueratstaeeonum,

377 727 544 775 Praesul
568 742 674 774 eum
692 725 950 788 juvenem,
974 724 1254 772 descendens
1269 723 1317 769 in
1337 723 1601 787 regionem,

374 796 518 842 Exilio
538 793 672 842 solvit
695 793 865 856 pretim
888 791 1138 856 secumque
1159 790 1360 838 reduxit.

374 863 427 908 ln·
446 862 636 924 patriam
658 854 811 907 mater
827 874 970 924 quem
1006 872 1117 906 cum
1148 856 1449 920 gemebunda
1471 856 1683 919 videret3

376 927 894 990 immaduitjachrymis
918 926 1078 974 animo
1099 925 1334 989 gaudente
1363 923 1555 988 profusis

378 995 469 1042 Res
492 996 678 1058 inopina
701 995 813 1041 boni
844 991 1002 1057 peetus
1024 993 1252 1040 muliebre
1275 991 1479 1045 resolvit,

380 1064 489 1109 Nec
513 1063 664 1108 minus
690 1061 885 1107 undanti
907 1059 1018 1107 fletu
1042 1072 1175 1124 pater
1196 1073 1277 1106 ora
1298 1059 1483 1123 rigavit,

382 1131 437 1176 Et
451 1126 680 1189 juvenem
703 1129 852 1175 viduae
875 1129 1098 1174 comitem
1128 1125 1482 1189 permisitabire.

380 1195 517 1241 Liber
540 1194 633 1240 abit
656 1192 812 1240 servus
842 1192 1095 1256 lachrymis
1130 1206 1339 1256 auroque
1366 1194 1660 1256 redemptus}

375 1261 572 1323 Accepit
594 1258 757 1307 fletum
786 1260 929 1323 pietas
952 1273 1052 1324 quae
1074 1259 1269 1321 praebuit
1290 1273 1474 1315 aurum,

315 1359 328 1376 .
373 1329 429 1379 Et
451 1340 609 1376 tamen
633 1327 881 1392 ingemuit,
909 1333 1096 1390 pareret
1125 1328 1209 1388 ιο)
1232 1339 1340 1375 cum
1362 1326 1530 1391 gaudia
1542 1323 1689 1378 flevit.

794 1407 935 1459 Cn»,
960 1406 1200 1456 Lxxxx.
1258 1410 1303 1464 1)

522 1475 676 1522 Omnia
689 1476 917 1540 prescivit,
952 1492 1028 1522 nee
1050 1490 1148 1520 eum
1169 1490 1240 1520 res
1260 1472 1348 1521 uHa
1361 1473 1542 1537 fefirllit,

378 1555 503 1619 Ergo
524 1555 684 1602 beatus
703 1555 868 1610 homo,
892 1554 1000 1619 quia
1024 1553 1135 1601 civis
1156 1556 1258 1600 erat
1277 1551 1487 1613 Paradifi,

380 1622 604 1670 Crebrius
627 1623 809 1670 aeternis
840 1621 1163 1687 splendoribus
1189 1620 1394 1668 irradiari
1520 1625 1527 1631 ⁴

377 1691 431 1738 In
453 1689 586 1736 terris
612 1690 808 1746 meruit,
843 1689 919 1737 vel
943 1704 1052 1739 cur-n
1074 1690 1213 1753 {opor
1241 1687 1333 1736 offa
1358 1689 1547 1752 rigaret,

384 1757 440 1802 ln
460 1754 627 1802 somnis
648 1770 815 1803 arcana
836 1757 1017 1808 videns,
1043 1768 1253 1807 aureum
1277 1755 1507 1817 vigilaret,

383 1823 492 1869 Sive
517 1836 598 1883 per
618 1820 867 1880 excessum,
890 1822 964 1869 vel
982 1833 1144 1870 mente
1166 1835 1249 1884 per
1273 1821 1551 1869 interiorem

382 1888 613 1936 Intuitum
635 1887 731 1935 fere
756 1903 855 1936 rem
879 1900 1125 1937 venturam
1159 1901 1362 1937 noverat
1384 1902 1578 1936 omnem

387 1955 430 2001 Si
458 1955 580 2001 foret
598 1955 837 2003 interdum
859 1964 1088 2018 magnum
1120 1954 1232 2018 quid
1261 1954 1383 2002 forte
1402 1957 1685 2018 gerendum}

388 2020 468 2068 Nil
488 2021 746 2068 inconsulte
779 2021 1001 2074 statuens,
1037 2022 1232 2084 optabat
1255 2021 1429 2068 habere

378 2086 588 2150 Tempus
611 2085 834 2135 traetandi
860 2088 1031 2140 secum,
1054 2090 1168 2134 dum
1187 2087 1369 2135 coelitus
1389 2087 1450 2135 illi

385 2154 545 2201 Gratia
568 2152 833 2217 suggereret
850 2155 977 2202 ‘dum
1004 2156 1115 2219 quid
1137 2152 1304 2202 restius
1335 2152 1451 2203 effet

386 2223 460 2269 Sic
481 2222 640 2268 animo
666 2233 819 2270 certus
840 2221 1022 2271 causam
1048 2221 1248 2270 fidenter
1267 2222 1463 2286 agebat,

389 2288 581 2352 Jamque
602 2288 711 2335 Sion
734 2297 945 2340 mentem
978 2289 1231 2355 trepidatio
1260 2288 1387 2337 nulla
1418 2291 1660 2346 movebat.

385 2357 475 2404 Sed
493 2368 778 2420 quaecunque
798 2358 873 2406 fibi
896 2357 1173 2423 locupletius
1208 2356 1509 2418 enituerunt,

394 2424 448 2470 In
469 2423 665 2474 lomois,
696 2424 813 2472 adeo
834 2424 1046 2488 mysteria
1070 2430 1210 2474 certa·
1223 2425 1428 2482 fuerunt,

391 2490 458 2537 Ut
481 2495 684 2553 nequeat
703 2490 794 2538 falfi
826 2492 938 2557 quid
962 2506 1072 2541 eurn
1094 2491 1254 2544 vidiss‘e
1277 2493 1466 2556 probari

394 2561 685 2620 Argumenta
708 2555 853 2607 tidem
873 2560 1051 2609 faciunt
1076 2561 1121 2609 in
1142 2560 1282 2608 rebus
1304 2560 1472 2622 apertis
1487 2592 1504 2618 ,

391 2623 526 2679 Visus
548 2621 596 2672 ὅ(
612 2623 794 2674 auditus
815 2623 1038 2691 dijudicat
1056 2624 1106 2676 in
1126 2625 1392 2676 manifestis.

695 2764 698 2765 γ
854 2712 900 2760 C
911 2726 941 2759 A
952 2729 992 2765 ι’.
1015 2712 1280 2763 Lxxxxt.

620 2779 704 2822 Per
726 2776 863 2837 visum
883 2792 1005 2827 terrae
1028 2782 1175 2841 Pastor
1192 2782 1439 2830 decernitur
1450 2778 1543 2843 effi.¹

330 2867 334 2869 v
394 2842 520 2908 Ergo
542 2842 668 2908 prius
687 2850 887 2919 Bremqm
913 2863 1053 2912 quam
1073 2848 1358 2915 proceffiffet
1389 2853 1446 2900 ad
1465 2850 1656 2906 urbemi

1192 2915 1344 2974 aaz

728 2995 943 3043 Leffiones
960 2996 1185 3048 variantes
1204 3017 1259 3048 ex
1278 3002 1393 3049 AHis
1406 3002 1667 3052 SanHorum.

2122 2923 2286 2982 Ptaesul

383 3058 427 3113 g)
461 3057 582 3106 fuerit.
648 3059 706 3116 9)
739 3060 879 3119 Qstus.
948 3069 1017 3119 ιο)
1050 3079 1182 3120 patere,
1249 3069 1297 3120 ι)
1331 3072 1448 3124 Caput
1466 3070 1563 3116 xv1.
1619 3067 2241 3132 Illustrationesdivinaeyzmitgcula.
