2433 3401
139 204 233 256 523
833 149 838 150 ⁷
1052 185 1225 236 Versus
1244 188 1420 253 antiqui

151 267 2327 292 ΗΜ*

466 299 707 349 Ecclesiam
740 299 842 347 sane
864 313 946 361 per
964 313 1075 346 eum
1100 298 1222 345 bene
1245 295 1540 356 fructificare,

467 368 649 431 Perque
683 367 837 414 virum
863 366 1001 414 talem
1031 366 1239 412 divinam
1263 365 1470 413 crescere
1492 364 1695 422 laudem.

469 436 573 484 Hac
601 433 728 482 laetus
752 435 902 487 venit,
923 435 1158 497 altareque
1182 431 1492 481 sanffificavit.

471 504 772 567 Inceptaeque
798 504 967 550 domus
989 501 1126 549 titulo
1149 501 1250 549 satis
1270 500 1570 557 exhilaratuS,

472 572 528 620 Et
551 573 684 618 dotes
698 571 826 618 auxit
847 569 897 618 <Sc
926 571 1136 619 honores
1166 569 1496 627 accumulavit,

475 638 651 686 Villam
676 654 788 688 cum
811 639 1021 695 decimis,
1052 642 1261 686 bannum
1288 653 1396 685 cum
1422 637 1732 704 parochianis,

477 705 649 755 Pastori
677 708 830 769 primo
858 707 1155 756 condonavit
1186 706 1425 763 Vicelino‚

478 773 737 822 Commissa
759 788 870 823 cura
893 773 1053 838 populi
1079 789 1188 822 cum
1203 773 1516 840 ,praepofitura

477 843 534 891 Et
555 843 620 889 bis
647 842 853 905 septenas
873 842 934 889 in.
950 843 1168 905 parochia
1192 842 1316 890 bene
1339 841 1484 890 cultas

480 906 663 972 Adjecit
685 908 828 962 villas,
852 910 1057 958 decimas
1083 925 1276 976 quoque
1297 910 1500 958 contulit
1519 908 1630 964 illas,

480 978 630 1042 Inque
652 977 763 1025 locis
787 978 1007 1042 quicquid
1028 977 1290 1026 accrescere
1312 978 1468 1043 postea
1483 978 1621 1044 possit

481 1045 673 1093 Incultis
699 1046 743 1092 in
769 1061 842 1093 eas
865 1045 994 1093 simul
1018 1044 1066 1094 ὅ(
1089 1046 1258 1094 collata
1291 1046 1508 1109 potestas.

478 1113 723 1161 Ecclesiam
748 1113 949 1161 Bishorst
973 1113 1034 1162 illi
1059 1110 1248 1177 (ubjecit
1275 1113 1324 1162 ὃ(
1345 1112 1569 1162 Ichborst.

481 1180 682 1228 Bishorst
707 1196 813 1228 curn
839 1182 1021 1234 bannis,
1060 1183 1239 1230 bannos
1261 1198 1370 1230 cum
1398 1181 1706 1246 parochianis.

482 1249 609 1297 Cum
635 1247 940 1298 Wicfletenfi
963 1250 1145 1299 decima
1171 1252 1384 1298 bannum
1410 1251 1540 1298 dedit
1564 1250 1640 1298 illi.

483 1317 538 1365 Et
563 1319 764 1364 decimas
791 1317 975 1370 Gestre,
995 1323 1042 1377 ς)
1064 1322 1234 1365 retinet
1259 1318 1515 1382 quaslittus
1537 1330 1806 1383 utrumque.

482 1383 692 1432 lchhorst
715 1399 824 1432 curn
851 1385 1035 1439 bannis,
1061 1387 1241 1433 bannos
1269 1401 1377 1433 cum
1405 1386 1712 1450 parochianis.

480 1452 777 1514 Bredenberg
791 1453 1025 1500 decImam
1050 1453 1241 1507 claudit,
1269 1454 1403 1501 Stura
1431 1454 1808 1508 Lutelouunam‚

483 1519 539 1566 Et
552 1517 717 1565 Sladen
731 1519 778 1566 <Sc
803 1520 1127 1579 6)W1·1stram
1145 1521 1315 1566 claudit
1331 1536 1444 1565 cum
1462 1521 1782 1585 Walburgon
1801 1534 1961 1572 unam.

484 1585 685 1634 Praesulis
711 1586 790 1632 has
813 1587 1016 1632 decimas
1040 1586 1236 1633 donavit
1259 1585 1383 1648 larga
1408 1585 1643 1635 voluntas,

485 1655 540 1702 Et
572 1651 888 1699 Bishorstenfis
915 1652 1168 1700 decimatio
1193 1665 1292 1700 tota
1314 1651 1490 1717 paludis

484 1720 702 1771 Additur,
715 1717 763 1767 ὅ(
778 1734 970 1783 quaeque
985 1720 1184 1767 fratrum
1200 1719 1330 1768 labor
1350 1731 1552 1784 occupat
1565 1719 1711 1785 aeque.

483 1787 611 1836 Eruit
635 1785 682 1835 ὅ(
704 1801 901 1852 quaeque
926 1788 1028 1835 suus
1048 1787 1303 1851 agricultor
1335 1789 1524 1853 ubique.

487 1855 598 1903 Hoc
621 1869 810 1918 quoque
832 1855 1040 1919 promitit
1069 1864 1122 1903 ut
1152 1855 1181 1903 fi
1204 1858 1304 1920 quis
1330 1855 1484 1919 pastor
1504 1855 1671 1914 obibit,

488 1923 565 1971 Ne
588 1922 636 1969 lis
662 1924 916 1986 contingat,
940 1921 1104 1970 electio
1127 1923 1265 1971 libera
1290 1923 1387 1977 fiat,

488 1991 543 2039 Et
565 1989 617 2037 fit
639 1990 916 2039 cunctarum
939 2006 1096 2038 rerum
1117 1989 1351 2053 respectus
1372 1992 1429 2039 ad
1451 1990 1616 2054 ipsum,

492 2055 822 2123 Subjeeiusque
844 2059 974 2106 locus
1001 2059 1051 2106 sit
1075 2059 1409 2107 successoribus
1429 2056 1545 2122 ejus,

491 2127 911 2192 Hammaburgenfi
935 2126 1303 2191 qui-praesideant
1325 2129 1446 2175 bene
1471 2125 1577 2176 sedi.

492 2194 624 2242 Talia
648 2193 811 2242 collata
835 2196 907 2259 pia
930 2194 1088 2258 praesul
1116 2193 1382 2242 Athelbero
1403 2196 1529 2242 dona

496 2262 694 2310 Chartas
719 2265 1015 2324 contesimas,
1040 2260 1087 2310 ὅ(
1114 2278 1184 2309 res
1215 2263 1261 2308 in
1286 2261 1449 2324 scripta
1468 2259 1678 2310 reda&as

493 2329 630 2378 Bullis
654 2329 872 2383 firmavit,
896 2332 1154 2395 bannoque
1177 2330 1257 2376 suo
1283 2329 1510 2380 stabilivit.

494 2398 613 2445 Inde
638 2399 801 2446 videns
824 2400 1004 2446 domini
1036 2398 1190 2461 praesul
1217 2396 1419 2444 studium
1441 2395 1643 2446 Vicelini

496 2468 569 2514 Ad
593 2468 933 2514 convertendas
964 2466 1138 2514 animas
1164 2463 1212 2514 ὅ(
1237 2465 1566 2525 salvificandas,

498 2533 561 2581 Illi
586 2535 758 2582 vicinas
784 2533 958 2597 placuit
983 2537 1284 2583 committere
1304 2543 1464 2591 terras,

497 2600 682 2649 Lucrari
704 2610 870 2666 gentes
893 2602 1100 2659 Christo,
1122 2602 1393 2650 simulachra
1415 2601 1643 2661 colentes,

498 2668 562 2715 [It
585 2670 684 2717 vice
711 2670 943 2733 pontificis
974 2671 1190 2719 solventis
1215 2670 1308 2718 five
1332 2671 1512 2734 ligantis

499 2733 656 2783 Verba
687 2737 769 2785 Dei
791 2739 978 2793 sereret,
1002 2740 1255 2789 credentes
1280 2741 1626 2801 multiplicaret.

502 2800 641 2851 Tunc
664 2803 908 2855 Heinricus
929 2821 1026 2856 erat
1051 2809 1130 2874 qui
1154 2807 1296 2855 Slavis
1318 2809 1629 2870 imperitabat,

498 2867 679 2917 Vicinae
699 2874 827 2934 genti
851 2875 927 2922 fibi
943 2873 1049 2938 jure
1078 2878 1159 2923 suo
1190 2875 1445 2933 famulanti,

499 2935 645 2987 Hunc
664 2940 868 3003 prudens
891 2943 1004 2992 adiit
1026 2942 1194 2993 doC'tor
1215 2944 1499 3012 svadereqve
1521 2943 1684 3009 coepit,
2291 2999 2354 3046 [It

230 3117 272 3172 ς)
301 3115 449 3158 ciestre.
543 3109 593 3165 6)
625 3110 686 3156 ad.
725 3167 729 3170 ,
