2498 3401
229 201 326 264 156
414 262 416 264 q
1039 189 1095 240 11.
1125 189 1238 242 Vita
1253 191 1298 243 S.
1320 193 1585 252 Anscharii‚
2125 213 2155 248 2
2168 155 2355 249 Period.

470 349 477 356 .
513 310 648 359 Sorte
661 309 871 359 salutiferi
886 324 993 358 cum
1007 308 1165 358 senfim
1178 310 1321 373 gratia
1332 310 1504 361 Christi

387 392 465 432 10.
511 377 674 426 Vitam
698 376 942 444 spirantem
965 373 1057 440 jam
1082 375 1388 427 fruaificaffet
1400 381 1619 436 odorem.

507 439 579 494 Ut
590 459 820 511 concepta
833 444 923 494 fide
939 444 1036 510 spes
1051 443 1162 493 effet
1181 442 1366 512 firmior
1377 463 1434 496 ex
1446 463 1523 503 re,

514 515 589 563 Ac
611 513 751 562 Patris
774 511 966 563 affefitus
986 528 1068 577 per
1091 512 1135 561 se
1157 514 1427 578 prodiretin
1441 513 1587 570 acius,

512 581 656 629 Orbis
669 582 874 631 Romani
886 577 1060 630 Κεᾶοι·
1071 613 1085 638 ,
1100 599 1103 602 ·
1117 580 1195 629 lux
1207 595 1343 629 aurea
1355 583 1536 638 mundi,

510 647 680 697 Vffior
692 648 970 715 magnificus
983 678 998 703 ‚
1020 648 1266 713 cultorque
1278 649 1362 697 Dei
1386 647 1660 699 Ludovicus

384 728 405 761 1
420 728 461 776 5.
511 715 577 764 [It
591 730 750 765 coram
765 717 919 766 multis
929 724 1092 781 ageret
1103 715 1353 766 consultius
1366 749 1380 774 ,
1415 717 1526 766 inde

512 785 900 849 Hammaburgenfi
907 786 1111 845 synodum
1132 784 1300 846 collegit
1328 788 1374 831 in
1393 785 1497 831 urbe

509 851 724 917 Collegit
736 867 981 916 procereS,
1016 852 1175 916 Regni
1191 866 1364 900 venere
1387 853 1593 917 prioreS‚

508 920 723 968 Arbitrio
735 935 937 985 quorum
952 935 1033 984 per
1046 917 1332 984 pontificum
1341 918 1610 984 synodalem
1666 958 1670 961 .

507 986 766 1036 Censuram
780 986 974 1038 fluvium
987 998 1110 1036 trans
1131 986 1291 1036 Albim
1310 989 1357 1036 in
1369 986 1538 1036 finibus
1554 988 1721 1039 urbem

371 1061 455 1102 20.
502 1057 693 1100 Saxoniae
705 1055 897 1118 positam
913 1062 1113 1103 matrem
1135 1062 1280 1119 caput
1303 1062 1444 1120 atque
1457 1055 1683 1105 Tribunal

503 1121 553 1168 N
557 1121 938 1186 or'dalbingorum
962 1123 1067 1170 fore
1089 1123 1266 1171 censuit
1278 1123 1578 1172 Ecclefiarum

503 1189 740 1237 Omnibus
781 1191 828 1250 ι)
865 1189 996 1236 terris
1010 1188 1139 1236 simul
1151 1188 1199 1236 &
1214 1189 1397 1253 populls
1410 1189 1656 1254 Aquilonis

502 1256 559 1304 Et
576 1255 756 1321 praelata
769 1255 906 1307 foret,
919 1256 1128 1319 sedesque
1149 1258 1203 1318 2)
1226 1258 1462 1320 metropolis
1483 1256 1611 1309 esset·

502 1322 753 1389 Presbyter
767 1322 815 1371 ὅ(
830 1323 1086 1372 mittendus
1106 1323 1355 1389 Episcopus
1369 1326 1525 1373 omnis
1538 1332 1592 1375 ut
1604 1323 1687 1375 illis

367 1404 396 1441 2
407 1404 447 1454 5.
491 1391 677 1441 Finibus
688 1391 988 1457 egrederetur
999 1392 1056 1440 ab
1076 1388 1215 1456 hujus
1231 1389 1423 1442 Praesule
1446 1393 1558 1444 sedis

910 1539 915 1544 .
975 1491 1118 1544 Cn.
1151 1491 1331 1544 XXIX.
1650 1544 1653 1545 γ

630 1575 697 1617 Ex
708 1587 791 1634 quo
806 1572 1045 1635 pinguescit
1055 1586 1182 1635 caput
1192 1604 1208 1628 ,
1243 1574 1389 1634 infula
1401 1585 1495 1618 rore
1505 1573 1724 1636 madefiit.

491 1643 782 1708 Hancigitur
796 1678 811 1702 ,
842 1657 943 1692 tota
958 1646 1121 1709 synodi
1134 1645 1384 1711 plaudente
1398 1659 1589 1695 corona.

490 1710 701 1759 Primum
717 1711 997 1761 Pontificem
1009 1724 1280 1762 reverenter
1294 1713 1430 1759 Ebone
1450 1715 1644 1773 Remensz'

492 1776 819 1827 Affistentibus
842 1782 1108 1842 Otgarioque
1126 1782 1485 1842 mogunticacensi
1521 1783 1572 1842 3)

364 1855 410 1903 5.
490 1844 618 1893 Cum
635 1847 814 1894 medius
827 1852 969 1892 Hettis
990 1850 1048 1909 4)
1074 1846 1262 1896 fulciret
1274 1849 1360 1896 Eos
1381 1849 1654 1908 Trevirenfis‚

489 1915 919 1962 Archimandritam
934 1916 1097 1963 sacrari
1110 1915 1261 1964 Caesar
1275 1916 1335 1962 ad
1357 1931 1501 1964 aram.

490 1981 776 2041 Anscharium
789 1982 897 2029 fecit
908 2014 922 2039 ‚
960 1997 1102 2047 quem
1117 1984 1239 2032 eirca
1254 1980 1375 2046 justa
1391 1983 1575 2047 peregit

491 2053 639 2109 Droga
664 2047 878 2096 Palatinae
890 2061 992 2097 tum
1018 2049 1141 2095 forte
1160 2050 1377 2113 jerarcha
1402 2053 1453 2111 ς)
1481 2048 1686 2115 Capellae

491 2120 638 2176 Droga
651 2115 720 2163 vir
732 2115 912 2163 illustris
923 2116 1122 2171 Metenfis
1139 2117 1352 2180 Episcopus
1366 2118 1483 2164 urbis

361 2201 440 2237 10·
489 2180 698 2230 Patribus
713 2182 895 2246 imperii
910 2214 923 2239 ‚
947 2198 1063 2247 quos
1077 2183 1270 2233 culmen
1284 2186 1332 2232 in
1346 2186 1461 2231 orbe
1474 2183 1622 2247 coegit

492 2250 619 2297 Inter
631 2251 925 2312 Helingaudus
942 2253 997 2312 6)
1018 2251 1121 2307 fuit,
1149 2250 1197 2300 ὅ(
1211 2252 1536 2316 Οοὸρῐῐὶορυε
1548 2249 1647 2314 ejus

492 2319 764 2378 Vulgericus‚
788 2333 890 2365 eam
907 2320 986 2382 qui
1015 2319 1196 2382 pridem
1221 2318 1505 2380 Paterniana

490 2383 583 2433 Per
595 2385 882 2449 dispertitum
906 2399 1166 2435 tenuerunt
1186 2386 1540 2440 Pontificatum,

501 2452 621 2500 Rem
635 2451 962 2501 confirmando
974 2483 988 2507 ‚
1020 2455 1160 2520 patris
1171 2468 1311 2520 caput
1322 2454 1567 2503 illiniendo

366 2533 387 2567 1
402 2532 442 2579 ς.
495 2519 758 2584 Unguentis
773 2521 988 2570 Hermon
1003 2551 1017 2576 ‚
1050 2524 1178 2586 queis
1191 2523 1333 2572 barba
1355 2521 1569 2587 flagravit
1592 2521 1767 2574 Aaron.

490 2587 578 2635 Sed
600 2603 659 2635 ne
674 2589 923 2638 Barbaricis
937 2590 1189 2640 incurfibus
1203 2593 1301 2640 haec
1313 2589 1534 2639 Dioecefis

489 2655 563 2703 Ad
577 2655 772 2704 nihilum
789 2658 932 2722 redigi
955 2657 1105 2721 postet
1117 2691 1131 2716 ‚
1167 2674 1253 2723 pro
1268 2661 1389 2707 sorte
1407 2655 1567 2723 pericli

493 2721 646 2770 Caesar
666 2723 724 2769 ad
749 2724 848 2772 haec
868 2725 1031 2773 cellam
1055 2727 1232 2773 Furholt
1253 2728 1306 2788 7)
1325 2726 1482 2774 solatia
1496 2733 1680 2790 partam

491 2789 679 2853 Cespite
690 2790 940 2841 Gallorum
953 2823 967 2847 ,
990 2796 1118 2859 quod
1134 2794 1392 2844 devitando
1410 2793 1668 2842 tumultum

357 2868 440 2905 20.
488 2854 677 2909 Praesrfl,
692 2859 1004 2909 ubifremeret
1022 2863 1195 2921 rabies²
1216 2862 1435 2912 secedere
1458 2860 1634 2927 posset»

487 2921 708 2974 Contulit
718 2927 919 2977 Ecclefiae
930 2928 1152 2980 servitum
1176 2944 1360 2998 tempus
1381 2930 1430 2980 in
1441 2945 1601 2980 omnes

2298 2999 2416 3050 (ΞΜ.
2466 3057 2467 3060 ¹

803 3063 1021 3112 Lecfi'iones
1041 3069 1264 3116 uniames
1287 3067 1470 3133 2·foth
1481 3058 1748 3119 SanHomm.
2326 3098 2330 3104 ·

229 3122 282 3181 1)
300 3136 353 3174 uc.
406 3124 452 3179 2)
469 3130 488 3160 ἑ
510 3131 529 3181 ⁴.
560 3129 597 3168 δε
619 3126 663 3183 3)
686 3126 994 3187 Maguntiaecnfi.
1082 3136 1133 3188 4)
1152 3137 1269 3179 restis.
1356 3137 1397 3191 5)
1417 3137 1625 3181 Hieratcha.
1721 3133 1768 3186 6)
1788 3129 2050 3188 Heliogamlus.
2171 3132 2216 3187 7)
2236 3133 2411 3177 Turholt·
