2498 3401
141 175 158 207 1
177 158 292 220 Cap.
305 153 439 217 &meite
450 152 654 216 {beringer
922 145 1221 212 bescbriebm
1237 157 1341 201 von
1353 148 1616 198 Gualdone.
2163 166 2181 199 1
2191 166 2256 214 97

174 261 196 264 ”
229 285 303 317 10.
353 268 541 330 Proque
566 263 706 312 salute
733 263 818 311 viri
844 260 990 309 miflas
1014 259 1304 309 celebrando
1340 277 1423 324 per
1457 276 1668 316 omnem.

351 332 610 388 Ecclefiam,
636 344 807 393 corpus
832 327 1019 385 Christi,
1045 339 1144 376 tum
1167 328 1394 392 sanguinis
1416 328 1603 375 haustus

350 399 638 449 Obtulerant
662 397 808 445 oculis
842 395 1106 443 solemniter
1128 397 1485 459 omnipotentis.

354 468 428 513 Ad
455 465 687 530 populum
710 462 826 513 vero
851 478 947 527 quo
977 462 1158 510 debitus
1182 464 1346 509 ordine
1367 463 1516 508 sermo

349 532 733 596 Promulgaretur
747 527 929 594 digeffit
943 528 1191 594 Episcopus
1210 529 1322 575 illud
1336 558 1349 580 ,

224 616 297 663 15.
352 599 645 648 Affirmando
670 599 828 647 cibum
854 597 1039 661 penitus
1069 595 1114 643 se
1143 607 1333 659 tangere
1354 592 1560 646 nullum,

348 667 588 728 Omnibus
615 663 778 713 officiis
801 666 913 711 dum
932 664 1101 726 publica
1124 663 1242 720 miffa
1264 659 1457 726 peraE’tis

348 735 506 783 Finem
529 732 727 793 iecisiet3
759 746 858 796 quae
880 730 1125 794 postquam
1148 726 1264 776 dina
1287 727 1434 775 suisset

344 800 672 864 Langventem
709 799 836 862 pavit
866 797 1185 853 stomachum,
1224 796 1504 857 modiceque
1524 790 1689 854 rigavit

346 868 541 924 Guttur,
566 865 614 915 &
638 867 748 915 inde
775 866 897 912 diem
921 865 1026 913 vitae
1046 873 1275 928 praecepta
1306 877 1387 928 per
1409 874 1606 909 omnem

213 947 292 986 20.
343 934 628 982 inculcando
652 933 735 980 suis
766 932 895 982 verbi
921 932 1095 980 virtute
1119 930 1321 995 potentis

341 1000 419 1050 Ad
441 999 611 1052 Christi
631 1000 808 1048 cultum
829 1010 1010 1047 mentes
1030 998 1253 1045 animavit
1275 1010 1453 1044 eorum.
1478 1057 1483 1062 ἡ

844 1079 978 1130 CAR
1029 1078 1182 1130 CVR.

458 1148 605 1194 clerus
628 1147 742 1206 adest
754 1147 942 1209 psalmis,
963 1161 1050 1191 vox
1069 1158 1164 1190 tota
1186 1145 1366 1203 resultat
1389 1142 1439 1189 ὅ
1458 1145 1584 1205 ignis.

341 1217 431 1268 Sed
455 1230 614 1269 tamen
635 1219 845 1283 inprimis
865 1215 1102 1267 commiffa
1127 1216 1313 1264 vocatio
1327 1215 1495 1265 Gentis

336 1284 600 1335 Sollicitum
627 1288 804 1339 tenuit,
834 1283 1023 1333 no&em
1044 1297 1237 1348 quoque
1268 1282 1416 1330 taliter
1435 1283 1544 1345 egit.

334 1348 443 1413 Ejus
465 1354 512 1401 in
540 1353 767 1419 egressum
784 1351 881 1416 jam
907 1350 1056 1400 {aneia
1076 1351 1339 1415 frequentia
1359 1351 1569 1408 fratrum,

213 1433 255 1482 5·
340 1419 461 1485 Qae
494 1421 848 1479 circumstabat,
881 1421 1065 1483 psalmos
1085 1420 1136 1465 de
1156 1434 1271 1464 more
1289 1417 1483 1468 canebat,

335 1487 473 1552 Qos
494 1500 624 1553 pater
646 1488 913 1552 angelicum
947 1487 1136 1536 monuit
1156 1485 1435 1534 modularier
1455 1486 1718 1548 hymnum,

333 1554 448 1617 Quo
473 1566 519 1603 te
540 1555 779 1604 laudamus
803 1558 946 1609 Deus,
967 1555 1014 1603 in
1038 1569 1135 1619 quo
1157 1561 1203 1601 te
1224 1551 1530 1618 profitemur,

329 1621 680 1686 Catholicamque
691 1625 841 1685 fidem,>
864 1638 1004 1687 quarn
1030 1620 1334 1685 composuisse
1355 1621 1516 1667 beatus

332 1687 777 1752 FerturAthanafius.
817 1713 823 1719 ·
847 1690 1000 1738 Rosea
1018 1686 1116 1752 jam
1137 1689 1349 1750 lampade
1374 1686 1580 1736 Phoebus

204 1765 278 1804 ιο.
343 1753 514 1804 Terras
546 1755 779 1811 lustrabat,
803 1758 1028 1804 tenebras
1045 1771 1210 1803 aurora
1231 1756 1428 1817 fugarat.

796 1835 840 1883 C
853 1851 882 1882 A
895 1851 934 1884 P.
1001 1834 1174 1885 cvm.
1399 1858 1410 1859 κ

416 1900 544 1946 Libat
567 1899 617 1947 δ’
634 1901 846 1948 obdormit
858 1933 872 1956 ,
885 1902 1004 1964 plebs
1016 1902 1187 1963 glebam
1207 1901 1348 1959 moesta
1369 1900 1591 1955 recumbit.

328 1973 619 2040 Presbyteris
646 1993 732 2041 pro
762 1978 805 2026 se
827 1978 974 2027 missas
996 1979 1364 2032 celebrantibus,
1382 1977 1474 2041 ipse

328 2041 557 2107 Corporis
583 2056 633 2091 ut
652 2046 867 2108 fragmen
893 2046 1105 2110 sumpsit,
1129 2045 1332 2108 sacrique
1353 2044 1590 2108 liquorem

324 2109 586 2174 Sanguinis,
609 2113 758 2159 erexit
778 2113 1008 2169 dextram,
1027 2112 1368 2173 dominumque
1389 2113 1593 2176 rogavit,

200 2192 240 2239 ς.
322 2177 388 2223 Ut
408 2178 673 2244 quicunque
697 2171 852 2227 mod&
866 2179 1035 2228 laefisset
1056 2179 1249 2244 quilibet
1271 2176 1419 2233 illum,
1532 2183 1533 2186 ’

322 2244 592 2309 Indulgeret
613 2247 655 2293 ei
669 2247 821 2304 {venia
842 2247 1044 2295 delendo
1072 2252 1275 2297 reatum0

327 2311 552 2360 Crebrius
573 2313 667 2362 hoc
692 2315 886 2368 iterans,
908 2313 956 2363 ὃ(
979 2313 1240 2378 suspirando
1263 2312 1590 2378 frequentans:

332 2377 454 2441 Justa
476 2381 603 2443 quod
626 2379 701 2428 soli
723 2382 801 2428 tibi
824 2378 894 2443 jus
910 2383 1035 2430 Deus
1057 2382 1121 2430 est
1142 2381 1340 2429 misereri

330 2444 544 2493 Gratuita
567 2450 802 2510 parcendo
833 2451 926 2498 mei
958 2451 1166 2498 bonitate
1191 2458 1454 2505 momente,

210 2525 285 2560 10.
336 2513 392 2560 Et
414 2515 652 2577 peccatori
674 2517 785 2563 mihi
809 2528 860 2563 tu
882 2516 1109 2581 placabilis
1136 2516 1265 2576 esto3

334 2579 416 2627 Me
432 2581 646 2628 manibus
670 2585 956 2631 commendo
983 2585 1098 2645 tuis;
1125 2583 1153 2630 a
1173 2583 1379 2648 principe
1397 2580 1560 2630 mortis

330 2646 466 2710 Eripe
489 2648 673 2707 Christe,
717 2652 861 2699 crucis
882 2667 968 2714 pro
993 2666 1088 2715 quo
1113 2660 1349 2698 tormenta
1382 2648 1547 2702 subisti,

331 2713 460 2763 Hinc
483 2715 529 2763 in
555 2715 768 2780 supremo
793 2720 965 2766 ducens
994 2719 1234 2783 spiramine
1259 2718 1430 2770 vitam,

330 2780 457 2830 Cum
470 2779 568 2844 jam
593 2782 795 2832 vinciret
816 2787 946 2833 vocis
970 2784 1170 2835 de'fee'tio
1190 2785 1427 2848 linguam,

201 2858 222 2895 1
239 2858 281 2908 5.
330 2847 446 2898 Haec
466 2851 569 2900 vice
589 2852 732 2899 verba
755 2850 816 2898 sui
841 2853 898 2900 de
918 2853 1130 2902 fratribus
1150 2853 1304 2901 innuit
1316 2851 1395 2900 uni

183 2922 185 2924 ’
327 2915 513 2968 Dicere.
581 2919 654 2970 Sic
671 2918 815 2971 altum
836 2921 1036 2972 vibranti
1058 2921 1237 2978 lumi-ne*
1253 2918 1430 2969 coelum

1018 3001 1079 3060 525
1101 3001 1129 3057 b
1177 3019 1197 3068 3
1550 3052 1574 3088 c
1601 2985 1612 2990 ’”
1948 3004 2213 3077 nspeeam
