2498 3401
182 204 278 260 178
984 191 1037 241 ΙΙ.
1071 190 1182 243 Vita
1216 194 1258 242 S.
1279 196 1545 253 ‘Anscharib
1664 184 1669 191 ⁵
2087 198 2313 250 2Period.

486 305 755 372 Congressu
779 320 955 371 pugnae
978 302 1166 378 paetum
1189 307 1216 354 Γ
1221 309 1264 356 b1
1291 312 1433 360 tutius
1455 312 1580 361 effe
1596 349 1598 352 -

486 376 610 424 Iram
632 372 912 440 fregerunt'
893 389 1146 437 Juvenum,
1182 374 1463 443 deXtrasqne
1487 381 1722 433 dederunt

359 458 401 507 5.
482 443 579 492 Ter
599 443 749 492 denos
778 443 918 492 vades
944 443 1083 507 igitur
1103 458 1188 509 pro
1215 445 1415 509 pignore
1450 448 1578 497 cives

487 511 531 560 T
534 512 738 561 radunt
773 510 951 576 argenti
974 511 1205 559 numerari
1223 512 1413 561 Fumma
1436 515 1512 563 vel
1535 515 1632 563 auri

489 581 609 629 Non
633 578 801 645 potuit,
832 594 1081 627 numerum
1106 579 1339 644 superavit
1359 582 1495 647 copia
1516 596 1689 633 rerum.

485 646 689 712 Legibus
710 634 934 713 impositis
960 654 1091 695 terrae
1113 649 1171 696 de
1194 663 1308 714 pace
1332 649 1539 698 colonis

486 715 693 765 Solvitur
712 715 901 764 obsidio
970 716 1179 765 Sveones
1204 730 1353 766 marte
1375 717 1581 769 secundo

362 798 437 837 to.
485 783 656 841 Gavifi,
678 794 902 847 repetunt
925 798 1087 838 naves,
1112 785 1404 851 patriamque
1425 785 1647 840 revisunt,

490 851 704 901 Confessi
724 851 982 908 Christum,
1010 862 1094 917 per
1116 868 1256 916 quem
1278 868 1497 903 meruere
1519 852 1728 914 salutem,

484 920 536 968 In
558 920 731 970 virtute
754 921 882 968 Deos
905 919 1036 985 super
1058 934 1224 969 omnes
1244 920 1338 970 effe
1359 931 1623 987 potentem.

486 988 737 1052 lnquirunt
758 989 870 1052 quid
890 1000 1030 1052 agant
1050 987 1124 1036 illi.
1148 1004 1250 1052 quae
1272 1002 1387 1040 vota
1409 991 1692 1054 rependant,
1714 1016 1720 1021 ·

485 1055 689 1122 Auspice
709 1065 805 1119 quo
827 1056 944 1107 tanti
967 1055 1043 1104 fibi
1064 1055 1115 1104 fit
1136 1059 1244 1106 data
1266 1057 1422 1124 palma
1441 1056 1682 1123 triumphi.
1736 1063 1748 1073 ’

992 1146 1129 1195 Cat».
1155 1148 1313 1203 LXX

617 1224 838 1273 Nauticus
861 1225 906 1271 t’n
927 1230 1040 1272 votis
1056 1227 1183 1288 favor
1200 1226 1259 1286 est
1281 1227 1327 1272 in
1343 1226 1471 1274 laude
1489 1228 1695 1282 tonantia

485 1300 695 1368 Quidam
714 1301 775 1348 de
797 1299 981 1353 Nautis,
999 1302 1077 1365 qui
1095 1300 1266 1350 Christi
1288 1317 1465 1353 nomen
1487 1305 1736 1364 haberent,

485 1370 731 1417 Edocuere
755 1367 900 1425 viros,
921 1367 1000 1432 ipsi
1020 1382 1122 1432 quae
1144 1381 1254 1416 vota
1279 1379 1527 1420 voverent.

482 1436 664 1484 Scilicet
687 1435 880 1501 appulsis
902 1436 1074 1486 ratibus
1094 1435 1305 1485 felicibus
1328 1439 1463 1487 undis

357 1517 398 1566 ς.
484 1505 560 1553 Ad
581 1505 781 1567 patrium
805 1502 946 1562 littuS‚
968 1519 1077 1552 cum
1100 1503 1277 1568 septem
1301 1504 1411 1553 lun-a
1427 1507 1592 1556 diebus

485 1572 697 1621 Cederet
716 1586 892 1625 aurorae
915 1571 1027 1620 lucis
1049 1572 1270 1620 hebetata
1291 1575 1469 1622 rubore

479 1637 742 1705 Jejunando
764 1640 862 1687 dies
887 1639 1080 1704 septem,
1105 1658 1186 1687 non
1203 1654 1388 1702 tangere
1409 1657 1578 1695 carnes.

483 1710 599 1755 Inde
623 1707 925 1772 quaterdenis
949 1707 1159 1769 epulatos
1186 1724 1327 1756 carne
1349 1709 1513 1758 diebus

482 1775 782 1823 Continuare
805 1772 1166 1839 quaterdecies
1147 1772 1326 1838 Jejunia
1348 1777 1515 1826 rursus.

356 1857 432 1896 10.
477 1844 625 1892 Omni
650 1842 936 1906 complacuit
946 1841 1134 1923 populo
1161 1855 1426 1908 votumque
1448 1842 1649 1912 peregit.

485 1912 644 1958 Sobria
667 1912 823 1957 Cathol
820 1914 890 1956 ico
910 1914 1005 1958 ritu
1021 1907 1220 1989 jejunia·
1222 1910 1360 1959 multi

483 1980 611 2027 Inter
631 1993 713 2026 eos
738 1980 915 2026 duxere
936 1979 1143 2027 dehinc
1132 1994 1180 2027 m
1202 1976 1399 2027 nomine
1418 1977 1590 2027 Christi

479 2047 538 2096 Et
559 2046 664 2111 quia
685 2046 944 2093 didicerant
970 2045 1158 2093 Christo
1173 2046 1235 2093 nil
1255 2047 1429 2108 gratius
1451 2045 1544 2093 effe

480 2114 728 2162 Mendicos
752 2113 916 2165 fulcire
939 2111 1073 2160 bonis
1095 2127 1288 2176 coepere
1310 2109 1570 2174 benigne(

353 2197 429 2244 15·
474 2182 727 2229 Heribertus
751 2196 833 2228 eos
855 2180 981 2228 inter
1001 2179 1061 2227 fic
1084 2180 1261 2243 dogma
1283 2179 1499 2230 sacerdos

476 2250 732 2300 Catholicae
753 2248 861 2312 fidei
882 2248 1119 2313 pandebat
1138 2247 1277 2312 plebe
1290 2247 1511 2302 favente.

962 2343 1101 2394 Cn».
1129 2340 1296 2391 LXXI.
1332 2317 1390 2404 ι)

634 2438 728 2480 Rex
745 2431 1045 2490 interficitur,
1039 2426 1150 2493 gens'
1168 2430 1310 2490 faevit,
1332 2441 1455 2474 terra
1476 2439 1692 2477 movetur.

426 2505 702 2571 Contigit
720 2507 822 2556 haec
842 2505 965 2558 inter
985 2505 1161 2571 piratas
1175 2502 1254 2553 lus
1258 2502 1368 2552 dian

475 2576 648 2639 Regno
672 2577 932 2633 Danorum²
954 2585 1193 2622 certamen
1218 2571 1265 2620 ὅ(
1291 2572 1398 2619 inde
1420 2570 1621 2627 moveri,

479 2644 531 2692 In
552 2659 647 2707 quo
667 2639 901 2692 confossus
926 2657 1116 2707 quoque
1139 2638 1246 2689 Rex
1266 2638 1436 2688 defecit
1455 2641 1651 2690 Horicus

354 2723 395 2773 5.
471 2711 755 2759 Decubuere
778 2714 828 2773 2)
851 2708 1002 2760 Duces
1022 2724 1157 2758 terrae
1177 2709 1206 2757 Γ
1211 2704 1306 2756 mul
1332 2719 1473 2786 atque
1494 2705 1691 2756 Tribuni

482 2779 662 2827 Rerum
687 2779 927 2827 Pontificis
947 2777 1157 2831 fautores
1178 2773 1276 2840 ejus
1297 2777 1449 2825 amici.

485 2845 640 2912 Regni
664 2848 891 2913 primatus
915 2847 969 2910 3)
984 2850 1138 2908 Junior
1162 2844 1356 2908 [uscepit
1377 2845 1556 2890 Horicus

856 2951 860 2954 ⁴
2253 2907 2380 2959 Alte-

804 2980 1020 3031 temones
1042 2984 1272 3032 variantes
1296 2999 1351 3029 ex
1363 2983 1478 3029 Aeris
1496 2981 1763 3030 SanHorum
1804 2995 1807 2997 ·

220 3040 224 3042 “
207 3069 290 3125 1)
319 3072 411 3123 Cap
431 3070 529 3111 XIV
546 3068 813 3109 incrementum
834 3066 996 3112 Ecclesiae
1018 3068 1209 3116 inDania,
1227 3069 1320 3113 ime:
1340 3065 1651 3124 persecutiones.-
1688 3064 1766 3109 vixi
1785 3058 1988 3118 Apostolici
2024 3062 2060 3102 in
2083 3060 2250 3102 Succiam
2275 3056 2379 3104 missi

310 3128 356 3180 2)
376 3082 612 3170 poccubuere.
676 3126 720 3179 3)
752 3125 962 3181 primatum.
