2498 3401
134 255 152 287 1
179 240 295 301 Cap.
323 237 460 298 §meite
473 234 672 297 ffieilage·
893 231 1194 296 bescbrteben
1217 244 1319 283 von
1347 230 1614 280 Gualdone.

2156 244 2246 291 199

82 321 2240 349 Wffl*

366 360 475 407 Lilia
500 372 791 416 contexens,
831 374 889 411 ac
920 357 1058 420 virgo
1089 358 1360 406 cohortibus
1381 361 1577 408 haerens.

367 426 621 490 virgineis,
640 441 815 490 agnum
840 426 1055 490 sequitur,
1074 439 1357 489 quocunque
1379 440 1461 489 per
1482 426 1624 473 altum
1638 457 1654 481 ‚

366 494 558 544 AEthera
584 495 731 541 tendit
753 495 863 552 iter,
895 495 1190 557 gemmisque
1216 494 1486 541 micantibus
1507 494 1634 557 inter

365 561 526 609 Fulcra
552 561 847 608 sacerdotum
874 562 1129 607 radiantem
1166 560 1284 607 tollit
1305 557 1553 613 amictum,

232 633 313 680 60.
361 628 478 692 Juris
501 627 740 692 apostolici
764 628 947 675 sortitus
971 627 1016 673 in
1042 626 1206 673 ordine
1229 628 1380 674 sedem
1397 657 1415 680 „

360 695 542 759 Judicio
565 696 754 742 dirimet
784 710 924 758 quem
960 693 1129 755 sprevit
1148 693 1364 756 parvulus
1385 693 1571 745 orbem,

358 763 645 825 Martyr'rbus
671 776 787 809 vero
814 762 920 809 vitae
953 758 1193 808 consortus
1215 759 1260 807 in
1281 759 1404 812 albo,

357 827 572 877 Vistricis
597 827 750 893 palma
774 829 980 892 potietur
1000 836 1201 875 ovanter
1222 827 1420 874 honore.

363 895 573 959 Martyrii
599 896 819 960 liquidem
856 897 912 956 4)
936 909 1087 958 genus
1108 893 1195 942 esse
1218 895 1389 941 fatetur

228 964 258 1011 6
264 979 306 1024 5.
356 963 465 1011 Hoc
488 964 535 1010 in
559 978 670 1025 pace
695 963 825 1014 latet,
854 970 982 1026 patet
1004 961 1114 1008 illud
1133 991 1146 1013 ‚
1168 959 1215 1008 ὅ(
1239 960 1343 1007 ense
1368 960 1560 1009 dicatur.

357 1029 466 1077 Hoc
487 1027 609 1075 albet
629 1027 902 1088 lachrymis,
927 1027 1014 1075 illic
1038 1029 1172 1075 rubet
1206 1031 1325 1074 unda
1349 1029 1524 1075 cruoris

355 1095 470 1143 Haec
490 1095 644 1142 tenuit
670 1106 838 1141 votum
868 1095 1064 1158 species,
1094 1093 1197 1140 tulit
1222 1094 1360 1141 altera
1383 1094 1590 1144 frustum

351 1161 578 1212 Fletibus,
602 1159 748 1208 esurie
774 1161 1007 1208 tabescens
1029 1161 1347 1222 excubiisque,

354 1227 481 1275 Dum
504 1227 656 1275 carnis
684 1225 880 1276 vitulam
902 1227 1055 1274 cordis
1077 1225 1303 1274 {natitavit
1325 1227 1380 1272 ad
1402 1240 1543 1278 aram.

218 1306 299 1355 70.
356 1293 565 1358 Martyrii
589 1294 810 1347 calicem,
833 1309 929 1342 non
951 1292 1240 1342 effundendo
1266 1308 1501 1350 cruorem,

349 1361 503 1408 Ebibit
528 1359 696 1410 affefiu
719 1368 899 1425 martyr
920 1376 1018 1409 non
1041 1362 1267 1425 temporis
1292 1361 1384 1407 usu-

349 1428 583 1493 Quamvis
615 1443 730 1493 ergo
755 1436 896 1493 caput
921 1428 998 1476 fibi
1031 1444 1127 1476 non
1151 1427 1366 1476 avulserit
1389 1426 1530 1484 ensis,

344 1493 599 1543 Obtulerat
611 1492 858 1560 jugulum,
880 1497 955 1544 sed
979 1490 1097 1544 voto
1123 1495 1269 1543 defuit
1293 1494 1447 1543 hostis.

343 1562 656 1612 Attendendo
678 1575 864 1619 tamen,
907 1576 1085 1628 quanto
1109 1562 1183 1610 sua
1205 1563 1417 1611 membra
1439 1560 1586 1610 labori

212 1640 293 1692 75-
340 1630 635 1687 Subdiderit,
659 1630 835 1680 violam
860 1645 959 1678 non
984 1629 1300 1678 inficiabimur
1322 1629 1380 1677 illi

342 1696 470 1762 Qid
491 1693 626 1758 juxta
651 1696 844 1745 Paulum
870 1698 1184 1745 creberrimus
1218 1697 1292 1745 ille
1313 1699 1492 1745 viarum

341 1763 493 1809 Sudor
517 1762 564 1810 ὅ(
591 1763 825 1810 undarum
848 1764 1019 1826 fragor,
1048 1764 1345 1826 incursusque
1369 1758 1636 1812 latronum}

344 1829 470 1894 Qid
495 1843 646 1892 genus
669 1828 716 1876 ὅ(
739 1840 918 1893 gentes,
943 1844 1072 1876 mare
1097 1830 1206 1892 quid
1221 1830 1508 1891 Eremusque
1532 1829 1641 1892 quid
1665 1829 1804 1877 urbes

343 1895 473 1959 Qid
497 1896 661 1943 Fratres
685 1896 805 1943 falli?
837 1897 946 1960 quid
979 1895 1103 1943 mille
1125 1895 1328 1959 pericula
1354 1895 1497 1957 lethi,

214 1966 290 2016 80.
343 1963 506 2024 Algor,
534 1964 697 2021 acerba
721 1963 880 2013 fames,
907 1963 1020 2020 fitis,
1044 1964 1348 2025 excubiaeque
1375 1962 1660 2025 frequentes,

293 2029 296 2033 ’
345 2026 444 2074 Tot
470 2028 598 2075 fimul
626 2042 841 2076 aerumnae
861 2041 1145 2092 pepererunt
1168 2044 1330 2078 nonne
1357 2042 1541 2075 coronae
1573 2029 1621 2089 ι)

341 2092 598 2142 νίἃτῐοειη
623 2093 822 2150 laurum,
849 2095 894 2142 ὅ(
922 2096 1172 2143 rubicundi
1197 2094 1426 2158 sanguinis
1452 2093 1663 2144 ostrum?

339 2158 515 2220 Praeter
546 2160 689 2219 bella,
716 2163 869 2210 virum
895 2178 993 2226 quae
1023 2176 1107 2226 per
1127 2173 1372 2209 momenta
1397 2161 1581 2209 dierum

335 2227 590 2278 Vallavere
615 2229 758 2282 foris,
796 2231 943 2277 timor
966 2231 1132 2278 anxius
1162 2228 1461 2277 Ecclefiarum

205 2303 281 2360 85.
333 2294 530 2344 Excoxit
552 2309 797 2359 mentem3
821 2298 919 2362 quis
935 2299 1057 2345 enim
1082 2297 1170 2345 fuit
1198 2309 1345 2361 aegeraeffi
1375 2294 1426 2344 -ὄι
1450 2293 1526 2343 ille

335 2362 718 2427 Nonaegrotavit
750 2365 940 2413 violenti
967 2362 1155 2413 flamma
1175 2363 1379 2412 doloris?

333 2429 454 2492 Ergo
474 2438 547 2476 tot
580 2431 772 2479 internis
798 2433 982 2479 'facibus
1015 2444 1224 2480 torrente
1247 2430 1432 2479 camino

334 2493 535 2544 Pefioris
555 2497 766 2553 exustus,
794 2514 878 2560 per
903 2511 978 2546 tot
1001 2499 1259 2548 discrimina
1280 2495 1480 2553 dusius,

202 2575 282 2624 90„
328 2560 485 2611 Palma
517 2563 720 2628 Martyrii
742 2565 1061 2614 frustrabitur?
1093 2581 1213 2615 anne
1236 2565 1502 2630 putandum

330 2629 427 2686 Est,
449 2631 716 2679 occisorum
736 2643 922 2679 >tantum
944 2648 1093 2697 genus
1119 2633 1208 2681 effe
1225 2630 1499 2681 beandum?

331 2697 509 2745 Nonne
532 2697 711 2745 sacrum
736 2698 915 2746 domini
936 2700 1129 2749 calicem
1153 2702 1266 2749 bibit
1289 2700 1363 2748 ille
1384 2703 1588 2758 joannes,

341 2764 555 2812 Verbera
581 2764 852 2813 carnificum
882 2781 1022 2828 quem
1049 2783 1147 2815 non
1170 2782 1364 2833 rapuere
1387 2781 1474 2814 nec
1493 2762 1657 2813 enses?

340 2830 488 2895 Quod
512 2832 540 2878 fl
565 2833 846 2896 martyribus
863 2831 1090 2898 disjungit
1127 2852 1270 2884 nemo
1295 2839 1522 2894 joannem,
1586 2842 1589 2845 ’

213 2909 294 2960 95·
342 2895 605 2964 Laurigeris
629 2900 823 2948 ducibus
846 2900 977 2950 hunc
1004 2902 1174 2951 inferat
1199 2902 1514 2969 oppilionem.

658 3050 878 3096 LeWones
899 3039 1128 3112 ‘varsszossttes
1142 3067 1201 3098 :ex
1222 3051 1338 3099 Al't‘is
1350 3048 1613 3099 SanHorum.

101 3121 152 3172 4)
185 3121 331 3179 duplex.
395 3126 437 3179 ι’)
458 3139 623 3171 coronas·

2037 2963 2231 3032 ‚martyr
