2552 3321
212 239 351 255 —Q

1060 155 1549 224 0343<0>ffia

216 287 298 338 74.
333 277 450 320 Erici
467 271 720 337 Praepositi,
735 271 946 329 johannis
960 272 1156 327 Decani,
1185 271 1428 336 totiusque
1452 271 1543 319 Ca-

388 340 521 406 pituli
534 341 772 388 Statutum
785 339 843 385 de
864 339 1076 386 emendis
1100 340 1251 386 curiis.

213 420 299 474 75.
335 407 580 457 Barchardi
599 406 828 472 Archiep.
843 405 1143 454 confirmatio
1168 403 1307 470 hujus
1321 401 1507 455 Statuti.

210 544 294 608 76.
327 543 558 591 Fundatio
580 542 784 591 Vicariae
805 543 864 590 ad
882 540 1024 590 altare
1038 541 1083 589 S.
1097 542 1299 590 Thornae
1320 538 1540 607 Apostoli

396 612 445 659 in
454 612 651 658 Summo
666 626 752 676 per
766 616 895 658 Hem.
911 616 1095 656 Hamme
1106 609 1484 657 Thesaurarium.

211 689 295 743 77.
327 678 633 729 Vicariorum
662 678 874 745 Episcopi
897 678 1113 738 Wrdenfis
1136 675 1395 726 Conceffio
1417 679 1542 724 Erico

390 747 541 812 Praep.
552 747 729 794 Hamb.
745 746 794 796 <Sc
809 747 962 808 Adolfo
983 745 1164 794 Comit.
1176 747 1224 792 in
1236 746 1402 795 Scow.
1415 747 1540 803 data,

386 815 518 881 quod
532 813 615 861 illis
627 813 877 862 Ecclesiam
890 816 937 862 in
952 814 1390 879 Avenberg‚propter
1402 829 1541 879 aqua-

349 916 357 919 .
384 898 493 931 rum
504 881 726 948 pericula,
739 882 788 930 in
810 881 901 930 alio
924 882 1035 930 loco
1060 879 1343 929 reaedificare
1353 881 1507 930 liceat.

212 956 295 1016 78.
332 950 576 999 Burchardi
604 950 829 1014 Archiep.
853 949 1137 1019 Declaratio,
1180 949 1316 1015 super
1348 951 1541 999 minori-

381 1020 470 1068 bus
509 1018 784 1085 praebendis.

212 1099 297 1154 79.
332 1085 651 1136 Confirmatio
681 1086 997 1133 donationum
1027 1084 1254 1151 Capitulo
1274 1085 1540 1151 Hamburg.

385 1155 413 1202 a
431 1153 714 1201 Wasmodo
735 1153 986 1201 Schacken
1006 1153 1252 1202 factarum.

213 1229 295 1281 80.
332 1221 570 1271 Borchardi
602 1221 828 1287 Archiep.
858 1222 1116 1279 Statutum,
1141 1222 1272 1287 quod
1303 1219 1538 1268 Canonici

386 1290 600 1339 absentes
612 1297 803 1336 careant
815 1286 1040 1336 stuffibus
1054 1289 1426 1355 praebendarum.

214 1365 296 1416 81.
331 1356 399 1423 Ej.
423 1359 552 1423 quod
571 1355 808 1404 Canonici
838 1356 1049 1404 absentes
1081 1356 1333 1404 conferant
1363 1355 1538 1404 benefi-

384 1427 457 1474 cia
491 1440 675 1472 annexa
691 1424 693 1428 ’
707 1425 756 1471 in
779 1423 1000 1472 absentia.

212 1501 293 1553 82.
329 1495 520 1558 Capituli
530 1493 684 1538 Hamb.
713 1491 965 1539 Ordinatio
997 1491 1132 1556 super
1152 1489 1409 1539 Praebenda
1432 1492 1538 1539 Ber-

396 1561 536 1609 tra-mi
559 1559 840 1608 Cremon&
857 1559 953 1607 aliis
977 1559 1115 1607 novis
1137 1559 1405 1606 Praebendis
1423 1560 1536 1608 min.

213 1637 294 1694 83.
332 1628 635 1699 Compositio
666 1628 789 1675 inter
831 1626 1108 1692 Capit-ulum
1141 1626 1190 1676 <Sc
1230 1625 1539 1675 Consulatum

396 1695 822 1761 Hamburgensem.

214 1773 296 1829 84.
331 1764 503 1814 Literae
527 1764 627 1824 Coffi
650 1765 699 1811 in
724 1764 890 1828 quibus
924 1761 1340 1827 Compositionem
1370 1778 1541 1831 appro-

398 1834 593 1890 barunt..v

421 1910 422 1914 ’
495 1899 759 1963 Inquirenda
771 1916 789 1944 :
1061 1919 1065 1924 ·

325 1969 572 2020 Burchaerdi
591 1967 818 2032 Archiep.
832 1965 881 2014 ὅ(
904 1963 1113 2029 Capituli
1130 1963 1387 2012 Bremenfis
1411 1963 1541 2011 Con-

386 2035 591 2084 firmatio
637 2032 994 2098 compositionis
1025 2032 1148 2079 inter
1183 2031 1462 2096 Capitulum
1492 2032 1543 2079 δ’(

387 2104 617 2163 Senatum
636 2098 983 2163 Hamburgens.
1005 2096 1155 2146 faecae.

338 2171 549 2237 Capituli
578 2170 628 2219 ἅτ
651 2170 849 2216 Senatus
873 2167 1048 2213 Hamb.
1067 2164 1197 2212 Bulla
1219 2162 1547 2228 compromiffi

391 2240 527 2304 super
545 2237 725 2285 damnis
738 2243 958 2299 tempore
972 2231 1235 2280 hostilitatis
1256 2228 1407 2297 pallis.

334 2305 575 2371 Praepofiti
588 2305 633 2352 S.
642 2302 872 2351 Wilhadi
884 2301 1073 2350 Relatio
1101 2307 1270 2347 contra
1278 2298 1542 2362 Hamburg.

391 2375 524 2439 quod
542 2388 642 2419 non
656 2371 879 2419 servarint
901 2366 1298 2432 compositionem
1320 2364 1509 2413 fatiam.

335 2438 791 2506 Eri-ciPraep.Hamb.
805 2435 1086 2484 Admonitio
1102 2433 1546 2488 Dithmarsommmt

396 2508 644 2556 Burchardo
663 2506 888 2569 Arch-iep.
911 2504 1190 2568 quingentas
1206 2501 1388 2549 solvant
1401 2515 1548 2546 marc.

345 2575 675 2626 Protocollum
689 2574 823 2638 super
834 2573 1074 2619 Statutum
1093 2577 1261 2617 contra
1280 2568 1547 2616 libertatem

392 2642 755 2693 Ecclefiasticam
768 2655 854 2705 per
865 2638 1072 2687 Hambb.
1094 2638 1357 2684 conditum.

339 2713 538 2762 Senatus
552 2710 728 2759 Hamb.
750 2705 1041 2756 Constitutio
1052 2704 1375 2753 Procuratoris
1389 2702 1447 2748 ad
1469 2715 1554 2765 pe-

394 2781 592 2828 tendam
624 2775 966 2825 absolutionem
994 2774 1042 2820 in
1060 2773 1192 2822 causa
1213 2773 1335 2820 inter
1358 2769 1481 2836 ipsos
1502 2767 1551 2817 ὃς

393 2846 687 2913 Capitulum.

344 2913 397 2981 Ej
410 2916 581 2963 Literae
604 2914 653 2960 in
665 2913 830 2978 quibus
856 2907 1097 2957 constituit
1117 2905 1372 2954 Consulem
1384 2917 1553 2968 procu-

387 2990 604 3099 gitorerln
645 2981 706 3031 ad
744 2975 1065 3029 ratificandam
1095 2974 1404 3025 concordiam
1442 2984 1552 3019 eum

440 3050 566 3116 apitu
585 3064 631 3098 0.

1587 272 1734 320 Anno
1761 289 1772 319 1
1790 289 1807 333 3
1821 281 1900 329 28.

1598 353 1671 388 10.
1695 338 1898 390 Ottobr.

1593 410 1739 456 Anno
1759 424 1773 456 1
1789 424 1808 471 3
1822 424 1847 456 2
1856 417 1899 464 8.

1709 485 1753 532 8.
1765 477 1897 526 Nov.

1588 544 1736 592 Anno
1759 560 1772 591 ι
1791 559 1809 604 3
1823 559 1900 606 30.

1675 626 1757 670 29.
1767 611 1898 677 Sept.

1592 679 1738 726 Anno
1757 694 1774 726 1
1789 694 1809 740 3
1823 694 1842 740 3
1856 695 1900 728 2.

1591 746 1679 794 fer.
1700 747 1744 794 6.
1778 745 1898 810 post.

1642 813 1840 863 Laetare.

1981 555 2042 590 ex
2077 542 2374 592 authentica

1993 692 2055 726 ex
2078 676 2237 743 Copia
2260 678 2378 727 vidi·

2111 752 2255 793 mata.

1589 951 1738 1000 Anno
1759 963 1901 1013 1334.
1960 946 2030 996 M.
2054 947 2125 996 M.
2147 961 2197 995 n.
2222 959 2270 1010 7.
2294 945 2340 1001 iu
2362 961 2411 1012 4.

1591 1089 1738 1137 Anno
1758 1100 1809 1149 13
1826 1100 1844 1149 3
1861 1101 1900 1148 5.
2094 1081 2204 1130 ibid.

1593 1224 1741 1271 Anno
1762 1236 1776 1268 1
1793 1236 1811 1282 3
1827 1235 1845 1282 3
1861 1234 1901 1279 5.

1700 1287 1902 1352 5.April.

1594 1373 1636 1405 e.
1663 1374 1703 1404 a.
1729 1356 1782 1405 ὅ(
1813 1356 1904 1403 die.

1594 1495 1740 1543 Anno
1763 1491 1905 1555 1336.
1962 1493 2033 1543 M.
2056 1493 2121 1544 H.
2146 1509 2194 1543 n.
2219 1504 2266 1556 7.
2293 1491 2342 1548 in
2364 1506 2411 1557 4.

1595 1632 1740 1678 Anno
1763 1642 1779 1673 ι
1795 1641 1813 1689 3
1829 1638 1905 1688 37.
1962 1626 2072 1678 ibid.
2088 1629 2196 1678 &n.
2211 1642 2292 1691 24.
2318 1627 2412 1684 inf.

1638 1696 1906 1744 Novembr.
2060 1713 2168 1762 pag.
2199 1710 2308 1759 524.

1597 1767 1742 1818 Anno
1766 1778 1815 1826 ¹3
1831 1776 1907 1827 37.
1962 1764 2194 1830 ibid.pag.
2213 1778 2321 1826 531.

2206 3110 2283 3179 85.
2316 3108 2417 3153 Bur„
